%YAML 1.1
%TAG !u! tag:unity3d.com,2011:
--- !u!1 &74476122871558624
GameObject:
  m_ObjectHideFlags: 0
  m_CorrespondingSourceObject: {fileID: 0}
  m_PrefabInstance: {fileID: 0}
  m_PrefabAsset: {fileID: 0}
  serializedVersion: 6
  m_Component:
  - component: {fileID: 8186928422193688290}
  - component: {fileID: 3531355238746721185}
  m_Layer: 0
  m_Name: Eyelashes
  m_TagString: Untagged
  m_Icon: {fileID: 0}
  m_NavMeshLayer: 0
  m_StaticEditorFlags: 0
  m_IsActive: 0
--- !u!4 &8186928422193688290
Transform:
  m_ObjectHideFlags: 0
  m_CorrespondingSourceObject: {fileID: 0}
  m_PrefabInstance: {fileID: 0}
  m_PrefabAsset: {fileID: 0}
  m_GameObject: {fileID: 74476122871558624}
  m_LocalRotation: {x: 0, y: -0, z: -0, w: 1}
  m_LocalPosition: {x: -0, y: 0, z: 0}
  m_LocalScale: {x: 1, y: 1, z: 1}
  m_Children: []
  m_Father: {fileID: 491006383680442485}
  m_RootOrder: 3
  m_LocalEulerAnglesHint: {x: 0, y: 0, z: 0}
--- !u!137 &3531355238746721185
SkinnedMeshRenderer:
  m_ObjectHideFlags: 0
  m_CorrespondingSourceObject: {fileID: 0}
  m_PrefabInstance: {fileID: 0}
  m_PrefabAsset: {fileID: 0}
  m_GameObject: {fileID: 74476122871558624}
  m_Enabled: 1
  m_CastShadows: 1
  m_ReceiveShadows: 1
  m_DynamicOccludee: 1
  m_MotionVectors: 1
  m_LightProbeUsage: 1
  m_ReflectionProbeUsage: 1
  m_RayTracingMode: 3
  m_RayTraceProcedural: 0
  m_RenderingLayerMask: 1
  m_RendererPriority: 0
  m_Materials:
  - {fileID: 670224309865224971, guid: ecaa8f11d0940fd4388838f5387b76ab, type: 3}
  m_StaticBatchInfo:
    firstSubMesh: 0
    subMeshCount: 0
  m_StaticBatchRoot: {fileID: 0}
  m_ProbeAnchor: {fileID: 0}
  m_LightProbeVolumeOverride: {fileID: 0}
  m_ScaleInLightmap: 1
  m_ReceiveGI: 1
  m_PreserveUVs: 0
  m_IgnoreNormalsForChartDetection: 0
  m_ImportantGI: 0
  m_StitchLightmapSeams: 1
  m_SelectedEditorRenderState: 3
  m_MinimumChartSize: 4
  m_AutoUVMaxDistance: 0.5
  m_AutoUVMaxAngle: 89
  m_LightmapParameters: {fileID: 0}
  m_SortingLayerID: 0
  m_SortingLayer: 0
  m_SortingOrder: 0
  serializedVersion: 2
  m_Quality: 0
  m_UpdateWhenOffscreen: 0
  m_SkinnedMotionVectors: 1
  m_Mesh: {fileID: 5741541274833110738, guid: ecaa8f11d0940fd4388838f5387b76ab, type: 3}
  m_Bones:
  - {fileID: 5817794488021402358}
  m_BlendShapeWeights: []
  m_RootBone: {fileID: 5817794488021402358}
  m_AABB:
    m_Center: {x: -0.0041906834, y: 0.103435755, z: 0.10675669}
    m_Extent: {x: 0.05279319, y: 0.008985877, z: 0.011655465}
  m_DirtyAABB: 0
--- !u!1 &106480932715526503
GameObject:
  m_ObjectHideFlags: 0
  m_CorrespondingSourceObject: {fileID: 0}
  m_PrefabInstance: {fileID: 0}
  m_PrefabAsset: {fileID: 0}
  serializedVersion: 6
  m_Component:
  - component: {fileID: 7162537704781417987}
  m_Layer: 0
  m_Name: mixamorig:RightShoulder
  m_TagString: Untagged
  m_Icon: {fileID: 0}
  m_NavMeshLayer: 0
  m_StaticEditorFlags: 0
  m_IsActive: 1
--- !u!4 &7162537704781417987
Transform:
  m_ObjectHideFlags: 0
  m_CorrespondingSourceObject: {fileID: 0}
  m_PrefabInstance: {fileID: 0}
  m_PrefabAsset: {fileID: 0}
  m_GameObject: {fileID: 106480932715526503}
  m_LocalRotation: {x: -0.57093674, y: -0.41623035, z: 0.5731782, w: -0.4150305}
  m_LocalPosition: {x: 0.07119776, y: 0.13576816, z: -0.00034431784}
  m_LocalScale: {x: 1, y: 1, z: 1}
  m_Children:
  - {fileID: 5917558414559701147}
  m_Father: {fileID: 310243325509232625}
  m_RootOrder: 2
  m_LocalEulerAnglesHint: {x: 57.54322, y: -94.85937, z: 177.80313}
--- !u!1 &235872399216408024
GameObject:
  m_ObjectHideFlags: 0
  m_CorrespondingSourceObject: {fileID: 0}
  m_PrefabInstance: {fileID: 0}
  m_PrefabAsset: {fileID: 0}
  serializedVersion: 6
  m_Component:
  - component: {fileID: 5917558414559701147}
  m_Layer: 0
  m_Name: mixamorig:RightArm
  m_TagString: Untagged
  m_Icon: {fileID: 0}
  m_NavMeshLayer: 0
  m_StaticEditorFlags: 0
  m_IsActive: 1
--- !u!4 &5917558414559701147
Transform:
  m_ObjectHideFlags: 0
  m_CorrespondingSourceObject: {fileID: 0}
  m_PrefabInstance: {fileID: 0}
  m_PrefabAsset: {fileID: 0}
  m_GameObject: {fileID: 235872399216408024}
  m_LocalRotation: {x: -0.15641394, y: 0.004906449, z: 0.0010254422, w: 0.9876789}
  m_LocalPosition: {x: 1.8576087e-10, y: 0.1468245, z: 7.4710726e-10}
  m_LocalScale: {x: 1, y: 1, z: 1}
  m_Children:
  - {fileID: 2506675543981015606}
  m_Father: {fileID: 7162537704781417987}
  m_RootOrder: 0
  m_LocalEulerAnglesHint: {x: 45.19787, y: 20.16969, z: 12.4201145}
--- !u!1 &352938194428108734
GameObject:
  m_ObjectHideFlags: 0
  m_CorrespondingSourceObject: {fileID: 0}
  m_PrefabInstance: {fileID: 0}
  m_PrefabAsset: {fileID: 0}
  serializedVersion: 6
  m_Component:
  - component: {fileID: 5465047344961374402}
  m_Layer: 0
  m_Name: mixamorig:RightHandPinky2
  m_TagString: Untagged
  m_Icon: {fileID: 0}
  m_NavMeshLayer: 0
  m_StaticEditorFlags: 0
  m_IsActive: 1
--- !u!4 &5465047344961374402
Transform:
  m_ObjectHideFlags: 0
  m_CorrespondingSourceObject: {fileID: 0}
  m_PrefabInstance: {fileID: 0}
  m_PrefabAsset: {fileID: 0}
  m_GameObject: {fileID: 352938194428108734}
  m_LocalRotation: {x: -0.00000024934798, y: 0.00003258471, z: 0.00035588484, w: 0.99999994}
  m_LocalPosition: {x: 0.000025622816, y: 0.020576205, z: -2.0912637e-10}
  m_LocalScale: {x: 1, y: 1, z: 1}
  m_Children:
  - {fileID: 2542475771861309942}
  m_Father: {fileID: 1286008386890973174}
  m_RootOrder: 0
  m_LocalEulerAnglesHint: {x: 34.772785, y: -1.2241656, z: -3.7345865}
--- !u!1 &687702688079467510
GameObject:
  m_ObjectHideFlags: 0
  m_CorrespondingSourceObject: {fileID: 0}
  m_PrefabInstance: {fileID: 0}
  m_PrefabAsset: {fileID: 0}
  serializedVersion: 6
  m_Component:
  - component: {fileID: 4075750004346207652}
  - component: {fileID: 1728082264965999308}
  m_Layer: 0
  m_Name: Body
  m_TagString: Untagged
  m_Icon: {fileID: 0}
  m_NavMeshLayer: 0
  m_StaticEditorFlags: 0
  m_IsActive: 1
--- !u!4 &4075750004346207652
Transform:
  m_ObjectHideFlags: 0
  m_CorrespondingSourceObject: {fileID: 0}
  m_PrefabInstance: {fileID: 0}
  m_PrefabAsset: {fileID: 0}
  m_GameObject: {fileID: 687702688079467510}
  m_LocalRotation: {x: 0, y: -0, z: -0, w: 1}
  m_LocalPosition: {x: -0, y: 0, z: 0}
  m_LocalScale: {x: 1, y: 1, z: 1}
  m_Children: []
  m_Father: {fileID: 491006383680442485}
  m_RootOrder: 0
  m_LocalEulerAnglesHint: {x: 0, y: 0, z: 0}
--- !u!137 &1728082264965999308
SkinnedMeshRenderer:
  m_ObjectHideFlags: 0
  m_CorrespondingSourceObject: {fileID: 0}
  m_PrefabInstance: {fileID: 0}
  m_PrefabAsset: {fileID: 0}
  m_GameObject: {fileID: 687702688079467510}
  m_Enabled: 1
  m_CastShadows: 1
  m_ReceiveShadows: 1
  m_DynamicOccludee: 1
  m_MotionVectors: 1
  m_LightProbeUsage: 1
  m_ReflectionProbeUsage: 1
  m_RayTracingMode: 3
  m_RayTraceProcedural: 0
  m_RenderingLayerMask: 1
  m_RendererPriority: 0
  m_Materials:
  - {fileID: 2100000, guid: 740d45520ecb7f04aaf758255f49d95b, type: 2}
  m_StaticBatchInfo:
    firstSubMesh: 0
    subMeshCount: 0
  m_StaticBatchRoot: {fileID: 0}
  m_ProbeAnchor: {fileID: 0}
  m_LightProbeVolumeOverride: {fileID: 0}
  m_ScaleInLightmap: 1
  m_ReceiveGI: 1
  m_PreserveUVs: 0
  m_IgnoreNormalsForChartDetection: 0
  m_ImportantGI: 0
  m_StitchLightmapSeams: 1
  m_SelectedEditorRenderState: 3
  m_MinimumChartSize: 4
  m_AutoUVMaxDistance: 0.5
  m_AutoUVMaxAngle: 89
  m_LightmapParameters: {fileID: 0}
  m_SortingLayerID: 0
  m_SortingLayer: 0
  m_SortingOrder: 0
  serializedVersion: 2
  m_Quality: 0
  m_UpdateWhenOffscreen: 0
  m_SkinnedMotionVectors: 1
  m_Mesh: {fileID: 2959467708922500008, guid: ecaa8f11d0940fd4388838f5387b76ab, type: 3}
  m_Bones:
  - {fileID: 310243325509232625}
  - {fileID: 6572629267112094604}
  - {fileID: 5817794488021402358}
  - {fileID: 2363430613039200106}
  - {fileID: 7162537704781417987}
  - {fileID: 5573210047827392836}
  - {fileID: 2964322339404554550}
  - {fileID: 660885251062960610}
  - {fileID: 7089928380040417603}
  - {fileID: 2432594108990876079}
  - {fileID: 6401378625225525040}
  - {fileID: 2512645893732272541}
  - {fileID: 3728404946921628789}
  - {fileID: 2506675543981015606}
  - {fileID: 1796780135407306838}
  - {fileID: 8385931192227832672}
  - {fileID: 9211735305050820754}
  - {fileID: 1286008386890973174}
  - {fileID: 6240284618849916698}
  - {fileID: 6438722952791287954}
  - {fileID: 8106346731883753784}
  - {fileID: 3653960170928410517}
  - {fileID: 8264360434308534019}
  - {fileID: 1915412551798621828}
  - {fileID: 5465047344961374402}
  - {fileID: 2542475771861309942}
  - {fileID: 5181287911117536476}
  - {fileID: 3260383219541184132}
  - {fileID: 1041419311166504139}
  - {fileID: 6586156145556529757}
  - {fileID: 4663808249310032411}
  - {fileID: 7461794583079782759}
  - {fileID: 6531780409531230145}
  - {fileID: 5139995504067263432}
  - {fileID: 6703171266869299241}
  - {fileID: 8343715545954812022}
  - {fileID: 1507965799021504941}
  - {fileID: 6884996813766651316}
  - {fileID: 1381784790807215218}
  - {fileID: 7727994594940541910}
  - {fileID: 2418119845579773508}
  - {fileID: 1084181238795676200}
  - {fileID: 1248133491683203794}
  - {fileID: 7441567874795956645}
  - {fileID: 3275292788013928835}
  - {fileID: 3475485712325042469}
  - {fileID: 5838765394430583974}
  m_BlendShapeWeights: []
  m_RootBone: {fileID: 310243325509232625}
  m_AABB:
    m_Center: {x: -0.00028842688, y: -0.43238962, z: 0.018697567}
    m_Extent: {x: 0.86684763, y: 0.8937441, z: 0.19174561}
  m_DirtyAABB: 0
--- !u!1 &980578660862429903
GameObject:
  m_ObjectHideFlags: 0
  m_CorrespondingSourceObject: {fileID: 0}
  m_PrefabInstance: {fileID: 0}
  m_PrefabAsset: {fileID: 0}
  serializedVersion: 6
  m_Component:
  - component: {fileID: 491006383680442485}
  - component: {fileID: 97635298925971525}
  m_Layer: 0
  m_Name: Zombie1
  m_TagString: Untagged
  m_Icon: {fileID: 0}
  m_NavMeshLayer: 0
  m_StaticEditorFlags: 0
  m_IsActive: 1
--- !u!4 &491006383680442485
Transform:
  m_ObjectHideFlags: 0
  m_CorrespondingSourceObject: {fileID: 0}
  m_PrefabInstance: {fileID: 0}
  m_PrefabAsset: {fileID: 0}
  m_GameObject: {fileID: 980578660862429903}
  m_LocalRotation: {x: 0, y: 0, z: 0, w: 1}
  m_LocalPosition: {x: 0.658, y: 0, z: -0.293}
  m_LocalScale: {x: 1, y: 1, z: 1}
  m_Children:
  - {fileID: 4075750004346207652}
  - {fileID: 1373196119320503276}
  - {fileID: 1053934151808704813}
  - {fileID: 8186928422193688290}
  - {fileID: 5368349549137408225}
  - {fileID: 1408585787843454182}
  - {fileID: 7973168184880847988}
  m_Father: {fileID: 0}
  m_RootOrder: 0
  m_LocalEulerAnglesHint: {x: 0, y: 0, z: 0}
--- !u!95 &97635298925971525
Animator:
  serializedVersion: 3
  m_ObjectHideFlags: 0
  m_CorrespondingSourceObject: {fileID: 0}
  m_PrefabInstance: {fileID: 0}
  m_PrefabAsset: {fileID: 0}
  m_GameObject: {fileID: 980578660862429903}
  m_Enabled: 1
  m_Avatar: {fileID: 9000000, guid: 5cdebbeec70488a4294691a7e8479236, type: 3}
  m_Controller: {fileID: 9100000, guid: 42344cbf39cf9934a91ac70bcb475159, type: 2}
  m_CullingMode: 0
  m_UpdateMode: 0
  m_ApplyRootMotion: 0
  m_LinearVelocityBlending: 0
  m_WarningMessage: 
  m_HasTransformHierarchy: 1
  m_AllowConstantClipSamplingOptimization: 1
  m_KeepAnimatorControllerStateOnDisable: 0
--- !u!1 &1035790898646575508
GameObject:
  m_ObjectHideFlags: 0
  m_CorrespondingSourceObject: {fileID: 0}
  m_PrefabInstance: {fileID: 0}
  m_PrefabAsset: {fileID: 0}
  serializedVersion: 6
  m_Component:
  - component: {fileID: 5368349549137408225}
  m_Layer: 0
  m_Name: mixamorig:Hips
  m_TagString: Untagged
  m_Icon: {fileID: 0}
  m_NavMeshLayer: 0
  m_StaticEditorFlags: 0
  m_IsActive: 1
--- !u!4 &5368349549137408225
Transform:
  m_ObjectHideFlags: 0
  m_CorrespondingSourceObject: {fileID: 0}
  m_PrefabInstance: {fileID: 0}
  m_PrefabAsset: {fileID: 0}
  m_GameObject: {fileID: 1035790898646575508}
  m_LocalRotation: {x: 0.000018118593, y: 0.000006037697, z: -0.00019840925, w: 1}
  m_LocalPosition: {x: 0.000023498353, y: 1.0144169, z: -0.004112532}
  m_LocalScale: {x: 1, y: 1, z: 1}
  m_Children:
  - {fileID: 2512645893732272541}
  - {fileID: 8072038943057840094}
  - {fileID: 5686019585774240626}
  m_Father: {fileID: 491006383680442485}
  m_RootOrder: 4
  m_LocalEulerAnglesHint: {x: 1.6316773, y: -4.563952, z: 0.38968801}
--- !u!1 &1095694331936612075
GameObject:
  m_ObjectHideFlags: 0
  m_CorrespondingSourceObject: {fileID: 0}
  m_PrefabInstance: {fileID: 0}
  m_PrefabAsset: {fileID: 0}
  serializedVersion: 6
  m_Component:
  - component: {fileID: 151948297296598230}
  m_Layer: 0
  m_Name: mixamorig:RightHandThumb4
  m_TagString: Untagged
  m_Icon: {fileID: 0}
  m_NavMeshLayer: 0
  m_StaticEditorFlags: 0
  m_IsActive: 1
--- !u!4 &151948297296598230
Transform:
  m_ObjectHideFlags: 0
  m_CorrespondingSourceObject: {fileID: 0}
  m_PrefabInstance: {fileID: 0}
  m_PrefabAsset: {fileID: 0}
  m_GameObject: {fileID: 1095694331936612075}
  m_LocalRotation: {x: 0, y: -0, z: -0, w: 1}
  m_LocalPosition: {x: 0.0018382957, y: 0.027114693, z: 1.6909155e-10}
  m_LocalScale: {x: 1, y: 1, z: 1}
  m_Children: []
  m_Father: {fileID: 1915412551798621828}
  m_RootOrder: 0
  m_LocalEulerAnglesHint: {x: 0, y: 0, z: 0}
--- !u!1 &1278510203507645098
GameObject:
  m_ObjectHideFlags: 0
  m_CorrespondingSourceObject: {fileID: 0}
  m_PrefabInstance: {fileID: 0}
  m_PrefabAsset: {fileID: 0}
  serializedVersion: 6
  m_Component:
  - component: {fileID: 7441567874795956645}
  m_Layer: 0
  m_Name: mixamorig:LeftHandIndex3
  m_TagString: Untagged
  m_Icon: {fileID: 0}
  m_NavMeshLayer: 0
  m_StaticEditorFlags: 0
  m_IsActive: 1
--- !u!4 &7441567874795956645
Transform:
  m_ObjectHideFlags: 0
  m_CorrespondingSourceObject: {fileID: 0}
  m_PrefabInstance: {fileID: 0}
  m_PrefabAsset: {fileID: 0}
  m_GameObject: {fileID: 1278510203507645098}
  m_LocalRotation: {x: -0.0000002667455, y: -0.000027635946, z: -0.001468584, w: 0.9999989}
  m_LocalPosition: {x: 0.000023670798, y: 0.02820561, z: -4.6294416e-11}
  m_LocalScale: {x: 1, y: 1, z: 1}
  m_Children:
  - {fileID: 937838848266113792}
  m_Father: {fileID: 7727994594940541910}
  m_RootOrder: 0
  m_LocalEulerAnglesHint: {x: 31.5969, y: 1.0579743, z: 3.6790683}
--- !u!1 &1427552634997751923
GameObject:
  m_ObjectHideFlags: 0
  m_CorrespondingSourceObject: {fileID: 0}
  m_PrefabInstance: {fileID: 0}
  m_PrefabAsset: {fileID: 0}
  serializedVersion: 6
  m_Component:
  - component: {fileID: 6401378625225525040}
  m_Layer: 0
  m_Name: mixamorig:LeftToeBase
  m_TagString: Untagged
  m_Icon: {fileID: 0}
  m_NavMeshLayer: 0
  m_StaticEditorFlags: 0
  m_IsActive: 1
--- !u!4 &6401378625225525040
Transform:
  m_ObjectHideFlags: 0
  m_CorrespondingSourceObject: {fileID: 0}
  m_PrefabInstance: {fileID: 0}
  m_PrefabAsset: {fileID: 0}
  m_GameObject: {fileID: 1427552634997751923}
  m_LocalRotation: {x: 0.26117513, y: -0.03306701, z: 0.008952456, w: 0.96468335}
  m_LocalPosition: {x: -0.0000000014039806, y: 0.16366154, z: 0.0000000024824953}
  m_LocalScale: {x: 1, y: 1, z: 1}
  m_Children:
  - {fileID: 4126221335248126694}
  m_Father: {fileID: 2432594108990876079}
  m_RootOrder: 0
  m_LocalEulerAnglesHint: {x: 30.484133, y: -2.4964597, z: 1.9987116}
--- !u!1 &1505241484840229669
GameObject:
  m_ObjectHideFlags: 0
  m_CorrespondingSourceObject: {fileID: 0}
  m_PrefabInstance: {fileID: 0}
  m_PrefabAsset: {fileID: 0}
  serializedVersion: 6
  m_Component:
  - component: {fileID: 5686019585774240626}
  m_Layer: 0
  m_Name: mixamorig:Spine
  m_TagString: Untagged
  m_Icon: {fileID: 0}
  m_NavMeshLayer: 0
  m_StaticEditorFlags: 0
  m_IsActive: 1
--- !u!4 &5686019585774240626
Transform:
  m_ObjectHideFlags: 0
  m_CorrespondingSourceObject: {fileID: 0}
  m_PrefabInstance: {fileID: 0}
  m_PrefabAsset: {fileID: 0}
  m_GameObject: {fileID: 1505241484840229669}
  m_LocalRotation: {x: -0.062095493, y: -0.000018342704, z: 0.0001976518, w: 0.99807024}
  m_LocalPosition: {x: -0, y: 0.10538483, z: -0.013160226}
  m_LocalScale: {x: 1, y: 1, z: 1}
  m_Children:
  - {fileID: 1294064559365117850}
  m_Father: {fileID: 5368349549137408225}
  m_RootOrder: 2
  m_LocalEulerAnglesHint: {x: 3.0398076, y: -2.6662478, z: -0.7427558}
--- !u!1 &1628792483083994901
GameObject:
  m_ObjectHideFlags: 0
  m_CorrespondingSourceObject: {fileID: 0}
  m_PrefabInstance: {fileID: 0}
  m_PrefabAsset: {fileID: 0}
  serializedVersion: 6
  m_Component:
  - component: {fileID: 1507965799021504941}
  m_Layer: 0
  m_Name: mixamorig:LeftHandRing2
  m_TagString: Untagged
  m_Icon: {fileID: 0}
  m_NavMeshLayer: 0
  m_StaticEditorFlags: 0
  m_IsActive: 1
--- !u!4 &1507965799021504941
Transform:
  m_ObjectHideFlags: 0
  m_CorrespondingSourceObject: {fileID: 0}
  m_PrefabInstance: {fileID: 0}
  m_PrefabAsset: {fileID: 0}
  m_GameObject: {fileID: 1628792483083994901}
  m_LocalRotation: {x: -0.0000003777725, y: 0.000007926734, z: -0.0010029227, w: 0.9999995}
  m_LocalPosition: {x: 0.00003415569, y: 0.02806644, z: -3.4438015e-11}
  m_LocalScale: {x: 1, y: 1, z: 1}
  m_Children:
  - {fileID: 3475485712325042469}
  m_Father: {fileID: 6531780409531230145}
  m_RootOrder: 0
  m_LocalEulerAnglesHint: {x: 28.65641, y: 0.7920142, z: 3.1304576}
--- !u!1 &1766398383258269169
GameObject:
  m_ObjectHideFlags: 0
  m_CorrespondingSourceObject: {fileID: 0}
  m_PrefabInstance: {fileID: 0}
  m_PrefabAsset: {fileID: 0}
  serializedVersion: 6
  m_Component:
  - component: {fileID: 8106346731883753784}
  m_Layer: 0
  m_Name: mixamorig:RightHandIndex1
  m_TagString: Untagged
  m_Icon: {fileID: 0}
  m_NavMeshLayer: 0
  m_StaticEditorFlags: 0
  m_IsActive: 1
--- !u!4 &8106346731883753784
Transform:
  m_ObjectHideFlags: 0
  m_CorrespondingSourceObject: {fileID: 0}
  m_PrefabInstance: {fileID: 0}
  m_PrefabAsset: {fileID: 0}
  m_GameObject: {fileID: 1766398383258269169}
  m_LocalRotation: {x: -0.017515652, y: -0.0012075023, z: 0.042761505, w: 0.99893105}
  m_LocalPosition: {x: -0.03197094, y: 0.1208363, z: 0.0024770047}
  m_LocalScale: {x: 1, y: 1, z: 1}
  m_Children:
  - {fileID: 3653960170928410517}
  m_Father: {fileID: 1796780135407306838}
  m_RootOrder: 0
  m_LocalEulerAnglesHint: {x: 45.61032, y: 0.1312798, z: -0.68816376}
--- !u!1 &2049343234712560071
GameObject:
  m_ObjectHideFlags: 0
  m_CorrespondingSourceObject: {fileID: 0}
  m_PrefabInstance: {fileID: 0}
  m_PrefabAsset: {fileID: 0}
  serializedVersion: 6
  m_Component:
  - component: {fileID: 1286008386890973174}
  m_Layer: 0
  m_Name: mixamorig:RightHandPinky1
  m_TagString: Untagged
  m_Icon: {fileID: 0}
  m_NavMeshLayer: 0
  m_StaticEditorFlags: 0
  m_IsActive: 1
--- !u!4 &1286008386890973174
Transform:
  m_ObjectHideFlags: 0
  m_CorrespondingSourceObject: {fileID: 0}
  m_PrefabInstance: {fileID: 0}
  m_PrefabAsset: {fileID: 0}
  m_GameObject: {fileID: 2049343234712560071}
  m_LocalRotation: {x: -0.017513908, y: -0.0012699396, z: 0.043514043, w: 0.9988985}
  m_LocalPosition: {x: 0.03121016, y: 0.1198457, z: 0.0009284726}
  m_LocalScale: {x: 1, y: 1, z: 1}
  m_Children:
  - {fileID: 5465047344961374402}
  m_Father: {fileID: 1796780135407306838}
  m_RootOrder: 2
  m_LocalEulerAnglesHint: {x: 36.827526, y: -0.7996011, z: -14.156085}
--- !u!1 &2066281187664006826
GameObject:
  m_ObjectHideFlags: 0
  m_CorrespondingSourceObject: {fileID: 0}
  m_PrefabInstance: {fileID: 0}
  m_PrefabAsset: {fileID: 0}
  serializedVersion: 6
  m_Component:
  - component: {fileID: 3260383219541184132}
  m_Layer: 0
  m_Name: mixamorig:RightHandMiddle3
  m_TagString: Untagged
  m_Icon: {fileID: 0}
  m_NavMeshLayer: 0
  m_StaticEditorFlags: 0
  m_IsActive: 1
--- !u!4 &3260383219541184132
Transform:
  m_ObjectHideFlags: 0
  m_CorrespondingSourceObject: {fileID: 0}
  m_PrefabInstance: {fileID: 0}
  m_PrefabAsset: {fileID: 0}
  m_GameObject: {fileID: 2066281187664006826}
  m_LocalRotation: {x: 0.00000016625798, y: 0.0000072711537, z: -0.00083933776, w: 0.99999964}
  m_LocalPosition: {x: 0.000020972771, y: 0.031261448, z: -1.07451964e-10}
  m_LocalScale: {x: 1, y: 1, z: 1}
  m_Children:
  - {fileID: 734950926742886327}
  m_Father: {fileID: 6438722952791287954}
  m_RootOrder: 0
  m_LocalEulerAnglesHint: {x: 33.09034, y: -1.0613133, z: -3.5817037}
--- !u!1 &2480331911001797944
GameObject:
  m_ObjectHideFlags: 0
  m_CorrespondingSourceObject: {fileID: 0}
  m_PrefabInstance: {fileID: 0}
  m_PrefabAsset: {fileID: 0}
  serializedVersion: 6
  m_Component:
  - component: {fileID: 7973168184880847988}
  - component: {fileID: 4062993369211152548}
  m_Layer: 0
  m_Name: Tops
  m_TagString: Untagged
  m_Icon: {fileID: 0}
  m_NavMeshLayer: 0
  m_StaticEditorFlags: 0
  m_IsActive: 1
--- !u!4 &7973168184880847988
Transform:
  m_ObjectHideFlags: 0
  m_CorrespondingSourceObject: {fileID: 0}
  m_PrefabInstance: {fileID: 0}
  m_PrefabAsset: {fileID: 0}
  m_GameObject: {fileID: 2480331911001797944}
  m_LocalRotation: {x: 0, y: -0, z: -0, w: 1}
  m_LocalPosition: {x: -0, y: 0, z: 0}
  m_LocalScale: {x: 1, y: 1, z: 1}
  m_Children: []
  m_Father: {fileID: 491006383680442485}
  m_RootOrder: 6
  m_LocalEulerAnglesHint: {x: 0, y: 0, z: 0}
--- !u!137 &4062993369211152548
SkinnedMeshRenderer:
  m_ObjectHideFlags: 0
  m_CorrespondingSourceObject: {fileID: 0}
  m_PrefabInstance: {fileID: 0}
  m_PrefabAsset: {fileID: 0}
  m_GameObject: {fileID: 2480331911001797944}
  m_Enabled: 1
  m_CastShadows: 1
  m_ReceiveShadows: 1
  m_DynamicOccludee: 1
  m_MotionVectors: 1
  m_LightProbeUsage: 1
  m_ReflectionProbeUsage: 1
  m_RayTracingMode: 3
  m_RayTraceProcedural: 0
  m_RenderingLayerMask: 1
  m_RendererPriority: 0
  m_Materials:
  - {fileID: 2100000, guid: 39d7bb15393413d4d88872c30e623f10, type: 2}
  m_StaticBatchInfo:
    firstSubMesh: 0
    subMeshCount: 0
  m_StaticBatchRoot: {fileID: 0}
  m_ProbeAnchor: {fileID: 0}
  m_LightProbeVolumeOverride: {fileID: 0}
  m_ScaleInLightmap: 1
  m_ReceiveGI: 1
  m_PreserveUVs: 0
  m_IgnoreNormalsForChartDetection: 0
  m_ImportantGI: 0
  m_StitchLightmapSeams: 1
  m_SelectedEditorRenderState: 3
  m_MinimumChartSize: 4
  m_AutoUVMaxDistance: 0.5
  m_AutoUVMaxAngle: 89
  m_LightmapParameters: {fileID: 0}
  m_SortingLayerID: 0
  m_SortingLayer: 0
  m_SortingOrder: 0
  serializedVersion: 2
  m_Quality: 0
  m_UpdateWhenOffscreen: 0
  m_SkinnedMotionVectors: 1
  m_Mesh: {fileID: -7386861914577863177, guid: ecaa8f11d0940fd4388838f5387b76ab, type: 3}
  m_Bones:
  - {fileID: 6586156145556529757}
  - {fileID: 4663808249310032411}
  - {fileID: 7461794583079782759}
  - {fileID: 5838765394430583974}
  - {fileID: 5139995504067263432}
  - {fileID: 6531780409531230145}
  - {fileID: 1294064559365117850}
  - {fileID: 310243325509232625}
  - {fileID: 2363430613039200106}
  - {fileID: 7162537704781417987}
  - {fileID: 5917558414559701147}
  - {fileID: 5368349549137408225}
  - {fileID: 8072038943057840094}
  - {fileID: 2512645893732272541}
  - {fileID: 5686019585774240626}
  - {fileID: 6572629267112094604}
  - {fileID: 5817794488021402358}
  - {fileID: 2506675543981015606}
  - {fileID: 1796780135407306838}
  - {fileID: 3728404946921628789}
  - {fileID: 8385931192227832672}
  - {fileID: 8264360434308534019}
  - {fileID: 9211735305050820754}
  m_BlendShapeWeights: []
  m_RootBone: {fileID: 5368349549137408225}
  m_AABB:
    m_Center: {x: -0.004715979, y: 0.20573191, z: -0.03178119}
    m_Extent: {x: 0.73013055, y: 0.42238134, z: 0.17749572}
  m_DirtyAABB: 0
--- !u!1 &2502122996710751328
GameObject:
  m_ObjectHideFlags: 0
  m_CorrespondingSourceObject: {fileID: 0}
  m_PrefabInstance: {fileID: 0}
  m_PrefabAsset: {fileID: 0}
  serializedVersion: 6
  m_Component:
  - component: {fileID: 6531780409531230145}
  m_Layer: 0
  m_Name: mixamorig:LeftHandRing1
  m_TagString: Untagged
  m_Icon: {fileID: 0}
  m_NavMeshLayer: 0
  m_StaticEditorFlags: 0
  m_IsActive: 1
--- !u!4 &6531780409531230145
Transform:
  m_ObjectHideFlags: 0
  m_CorrespondingSourceObject: {fileID: 0}
  m_PrefabInstance: {fileID: 0}
  m_PrefabAsset: {fileID: 0}
  m_GameObject: {fileID: 2502122996710751328}
  m_LocalRotation: {x: -0.016083878, y: -0.0010117809, z: -0.03875448, w: 0.9991188}
  m_LocalPosition: {x: -0.009816664, y: 0.11618959, z: -0.0011749219}
  m_LocalScale: {x: 1, y: 1, z: 1}
  m_Children:
  - {fileID: 1507965799021504941}
  m_Father: {fileID: 6586156145556529757}
  m_RootOrder: 3
  m_LocalEulerAnglesHint: {x: 35.99167, y: -0.49100983, z: 5.2875643}
--- !u!1 &2663174980702018207
GameObject:
  m_ObjectHideFlags: 0
  m_CorrespondingSourceObject: {fileID: 0}
  m_PrefabInstance: {fileID: 0}
  m_PrefabAsset: {fileID: 0}
  serializedVersion: 6
  m_Component:
  - component: {fileID: 1796780135407306838}
  m_Layer: 0
  m_Name: mixamorig:RightHand
  m_TagString: Untagged
  m_Icon: {fileID: 0}
  m_NavMeshLayer: 0
  m_StaticEditorFlags: 0
  m_IsActive: 1
--- !u!4 &1796780135407306838
Transform:
  m_ObjectHideFlags: 0
  m_CorrespondingSourceObject: {fileID: 0}
  m_PrefabInstance: {fileID: 0}
  m_PrefabAsset: {fileID: 0}
  m_GameObject: {fileID: 2663174980702018207}
  m_LocalRotation: {x: 0.015218678, y: 0.05413955, z: -0.04374919, w: 0.99745846}
  m_LocalPosition: {x: 1.1263128e-10, y: 0.1670613, z: 2.6374122e-10}
  m_LocalScale: {x: 1, y: 1, z: 1}
  m_Children:
  - {fileID: 8106346731883753784}
  - {fileID: 3728404946921628789}
  - {fileID: 1286008386890973174}
  - {fileID: 9211735305050820754}
  - {fileID: 8385931192227832672}
  m_Father: {fileID: 2506675543981015606}
  m_RootOrder: 0
  m_LocalEulerAnglesHint: {x: -3.6658077, y: 0.92457354, z: -9.284754}
--- !u!1 &2684358290713043271
GameObject:
  m_ObjectHideFlags: 0
  m_CorrespondingSourceObject: {fileID: 0}
  m_PrefabInstance: {fileID: 0}
  m_PrefabAsset: {fileID: 0}
  serializedVersion: 6
  m_Component:
  - component: {fileID: 6240284618849916698}
  m_Layer: 0
  m_Name: mixamorig:RightHandRing2
  m_TagString: Untagged
  m_Icon: {fileID: 0}
  m_NavMeshLayer: 0
  m_StaticEditorFlags: 0
  m_IsActive: 1
--- !u!4 &6240284618849916698
Transform:
  m_ObjectHideFlags: 0
  m_CorrespondingSourceObject: {fileID: 0}
  m_PrefabInstance: {fileID: 0}
  m_PrefabAsset: {fileID: 0}
  m_GameObject: {fileID: 2684358290713043271}
  m_LocalRotation: {x: -0.00000025593147, y: -0.00000034199428, z: 0.000036567453, w: 1}
  m_LocalPosition: {x: -0.000003654166, y: 0.026880847, z: -9.839595e-12}
  m_LocalScale: {x: 1, y: 1, z: 1}
  m_Children:
  - {fileID: 1041419311166504139}
  m_Father: {fileID: 9211735305050820754}
  m_RootOrder: 0
  m_LocalEulerAnglesHint: {x: 34.932873, y: -1.1714413, z: -3.7330725}
--- !u!1 &2792855844418467219
GameObject:
  m_ObjectHideFlags: 0
  m_CorrespondingSourceObject: {fileID: 0}
  m_PrefabInstance: {fileID: 0}
  m_PrefabAsset: {fileID: 0}
  serializedVersion: 6
  m_Component:
  - component: {fileID: 2363430613039200106}
  m_Layer: 0
  m_Name: mixamorig:LeftShoulder
  m_TagString: Untagged
  m_Icon: {fileID: 0}
  m_NavMeshLayer: 0
  m_StaticEditorFlags: 0
  m_IsActive: 1
--- !u!4 &2363430613039200106
Transform:
  m_ObjectHideFlags: 0
  m_CorrespondingSourceObject: {fileID: 0}
  m_PrefabInstance: {fileID: 0}
  m_PrefabAsset: {fileID: 0}
  m_GameObject: {fileID: 2792855844418467219}
  m_LocalRotation: {x: 0.54793364, y: -0.43391752, z: 0.59152806, w: 0.40196878}
  m_LocalPosition: {x: -0.07119776, y: 0.1364063, z: -0.005454449}
  m_LocalScale: {x: 1, y: 1, z: 1}
  m_Children:
  - {fileID: 5838765394430583974}
  m_Father: {fileID: 310243325509232625}
  m_RootOrder: 0
  m_LocalEulerAnglesHint: {x: 56.5604, y: 92.78246, z: -176.57782}
--- !u!1 &2891476946893651271
GameObject:
  m_ObjectHideFlags: 0
  m_CorrespondingSourceObject: {fileID: 0}
  m_PrefabInstance: {fileID: 0}
  m_PrefabAsset: {fileID: 0}
  serializedVersion: 6
  m_Component:
  - component: {fileID: 6438722952791287954}
  m_Layer: 0
  m_Name: mixamorig:RightHandMiddle2
  m_TagString: Untagged
  m_Icon: {fileID: 0}
  m_NavMeshLayer: 0
  m_StaticEditorFlags: 0
  m_IsActive: 1
--- !u!4 &6438722952791287954
Transform:
  m_ObjectHideFlags: 0
  m_CorrespondingSourceObject: {fileID: 0}
  m_PrefabInstance: {fileID: 0}
  m_PrefabAsset: {fileID: 0}
  m_GameObject: {fileID: 2891476946893651271}
  m_LocalRotation: {x: 0.00000022863425, y: 0.0000051398365, z: 0.0002279729, w: 1}
  m_LocalPosition: {x: 0.000007275804, y: 0.032431405, z: 7.7614e-12}
  m_LocalScale: {x: 1, y: 1, z: 1}
  m_Children:
  - {fileID: 3260383219541184132}
  m_Father: {fileID: 3728404946921628789}
  m_RootOrder: 0
  m_LocalEulerAnglesHint: {x: 31.102695, y: -0.9065087, z: -3.1958294}
--- !u!1 &2982465285951013466
GameObject:
  m_ObjectHideFlags: 0
  m_CorrespondingSourceObject: {fileID: 0}
  m_PrefabInstance: {fileID: 0}
  m_PrefabAsset: {fileID: 0}
  serializedVersion: 6
  m_Component:
  - component: {fileID: 8783631595445077528}
  m_Layer: 0
  m_Name: mixamorig:HeadTop_End
  m_TagString: Untagged
  m_Icon: {fileID: 0}
  m_NavMeshLayer: 0
  m_StaticEditorFlags: 0
  m_IsActive: 1
--- !u!4 &8783631595445077528
Transform:
  m_ObjectHideFlags: 0
  m_CorrespondingSourceObject: {fileID: 0}
  m_PrefabInstance: {fileID: 0}
  m_PrefabAsset: {fileID: 0}
  m_GameObject: {fileID: 2982465285951013466}
  m_LocalRotation: {x: 0, y: -0, z: -0, w: 1}
  m_LocalPosition: {x: -0, y: 0.20491561, z: 0.074333526}
  m_LocalScale: {x: 1, y: 1, z: 1}
  m_Children: []
  m_Father: {fileID: 5817794488021402358}
  m_RootOrder: 0
  m_LocalEulerAnglesHint: {x: 0, y: 0, z: 0}
--- !u!1 &3073717150328985818
GameObject:
  m_ObjectHideFlags: 0
  m_CorrespondingSourceObject: {fileID: 0}
  m_PrefabInstance: {fileID: 0}
  m_PrefabAsset: {fileID: 0}
  serializedVersion: 6
  m_Component:
  - component: {fileID: 3653960170928410517}
  m_Layer: 0
  m_Name: mixamorig:RightHandIndex2
  m_TagString: Untagged
  m_Icon: {fileID: 0}
  m_NavMeshLayer: 0
  m_StaticEditorFlags: 0
  m_IsActive: 1
--- !u!4 &3653960170928410517
Transform:
  m_ObjectHideFlags: 0
  m_CorrespondingSourceObject: {fileID: 0}
  m_PrefabInstance: {fileID: 0}
  m_PrefabAsset: {fileID: 0}
  m_GameObject: {fileID: 3073717150328985818}
  m_LocalRotation: {x: 0.00000040464687, y: -0.000000045522743, z: 0.0002307147, w: 1}
  m_LocalPosition: {x: -0.0000072036146, y: 0.029086871, z: 4.87438e-11}
  m_LocalScale: {x: 1, y: 1, z: 1}
  m_Children:
  - {fileID: 5181287911117536476}
  m_Father: {fileID: 8106346731883753784}
  m_RootOrder: 0
  m_LocalEulerAnglesHint: {x: 36.27848, y: -1.2911017, z: -3.9408593}
--- !u!1 &3089426696426077619
GameObject:
  m_ObjectHideFlags: 0
  m_CorrespondingSourceObject: {fileID: 0}
  m_PrefabInstance: {fileID: 0}
  m_PrefabAsset: {fileID: 0}
  serializedVersion: 6
  m_Component:
  - component: {fileID: 2512645893732272541}
  m_Layer: 0
  m_Name: mixamorig:LeftUpLeg
  m_TagString: Untagged
  m_Icon: {fileID: 0}
  m_NavMeshLayer: 0
  m_StaticEditorFlags: 0
  m_IsActive: 1
--- !u!4 &2512645893732272541
Transform:
  m_ObjectHideFlags: 0
  m_CorrespondingSourceObject: {fileID: 0}
  m_PrefabInstance: {fileID: 0}
  m_PrefabAsset: {fileID: 0}
  m_GameObject: {fileID: 3089426696426077619}
  m_LocalRotation: {x: -0.000049811857, y: 0.009764288, z: 0.9998885, w: 0.011298979}
  m_LocalPosition: {x: -0.0798905, y: -0.058416825, z: -0.0036914253}
  m_LocalScale: {x: 1, y: 1, z: 1}
  m_Children:
  - {fileID: 7089928380040417603}
  m_Father: {fileID: 5368349549137408225}
  m_RootOrder: 0
  m_LocalEulerAnglesHint: {x: -6.624734, y: 0.7298099, z: 167.5457}
--- !u!1 &3100543563282068894
GameObject:
  m_ObjectHideFlags: 0
  m_CorrespondingSourceObject: {fileID: 0}
  m_PrefabInstance: {fileID: 0}
  m_PrefabAsset: {fileID: 0}
  serializedVersion: 6
  m_Component:
  - component: {fileID: 7089928380040417603}
  m_Layer: 0
  m_Name: mixamorig:LeftLeg
  m_TagString: Untagged
  m_Icon: {fileID: 0}
  m_NavMeshLayer: 0
  m_StaticEditorFlags: 0
  m_IsActive: 1
--- !u!4 &7089928380040417603
Transform:
  m_ObjectHideFlags: 0
  m_CorrespondingSourceObject: {fileID: 0}
  m_PrefabInstance: {fileID: 0}
  m_PrefabAsset: {fileID: 0}
  m_GameObject: {fileID: 3100543563282068894}
  m_LocalRotation: {x: -0.040688373, y: -0.00057157245, z: 0.022238862, w: 0.99892426}
  m_LocalPosition: {x: -3.6030717e-11, y: 0.42961654, z: -9.2301285e-11}
  m_LocalScale: {x: 1, y: 1, z: 1}
  m_Children:
  - {fileID: 2432594108990876079}
  m_Father: {fileID: 2512645893732272541}
  m_RootOrder: 0
  m_LocalEulerAnglesHint: {x: -16.159212, y: 2.0786443, z: -1.7805598}
--- !u!1 &3103259598324236908
GameObject:
  m_ObjectHideFlags: 0
  m_CorrespondingSourceObject: {fileID: 0}
  m_PrefabInstance: {fileID: 0}
  m_PrefabAsset: {fileID: 0}
  serializedVersion: 6
  m_Component:
  - component: {fileID: 3275292788013928835}
  m_Layer: 0
  m_Name: mixamorig:LeftHandMiddle3
  m_TagString: Untagged
  m_Icon: {fileID: 0}
  m_NavMeshLayer: 0
  m_StaticEditorFlags: 0
  m_IsActive: 1
--- !u!4 &3275292788013928835
Transform:
  m_ObjectHideFlags: 0
  m_CorrespondingSourceObject: {fileID: 0}
  m_PrefabInstance: {fileID: 0}
  m_PrefabAsset: {fileID: 0}
  m_GameObject: {fileID: 3103259598324236908}
  m_LocalRotation: {x: 0.00000023781692, y: -0.000035712448, z: -0.0018361661, w: 0.99999833}
  m_LocalPosition: {x: 0.00003760656, y: 0.030300604, z: -2.0156108e-11}
  m_LocalScale: {x: 1, y: 1, z: 1}
  m_Children:
  - {fileID: 8018435134541449376}
  m_Father: {fileID: 6884996813766651316}
  m_RootOrder: 0
  m_LocalEulerAnglesHint: {x: 35.67686, y: 1.3851142, z: 4.22389}
--- !u!1 &3454148171943170584
GameObject:
  m_ObjectHideFlags: 0
  m_CorrespondingSourceObject: {fileID: 0}
  m_PrefabInstance: {fileID: 0}
  m_PrefabAsset: {fileID: 0}
  serializedVersion: 6
  m_Component:
  - component: {fileID: 2386028457595883820}
  m_Layer: 0
  m_Name: mixamorig:RightHandRing4
  m_TagString: Untagged
  m_Icon: {fileID: 0}
  m_NavMeshLayer: 0
  m_StaticEditorFlags: 0
  m_IsActive: 1
--- !u!4 &2386028457595883820
Transform:
  m_ObjectHideFlags: 0
  m_CorrespondingSourceObject: {fileID: 0}
  m_PrefabInstance: {fileID: 0}
  m_PrefabAsset: {fileID: 0}
  m_GameObject: {fileID: 3454148171943170584}
  m_LocalRotation: {x: 0, y: -0, z: -0, w: 1}
  m_LocalPosition: {x: 0.0000057995453, y: 0.022852663, z: 1.7002917e-10}
  m_LocalScale: {x: 1, y: 1, z: 1}
  m_Children: []
  m_Father: {fileID: 1041419311166504139}
  m_RootOrder: 0
  m_LocalEulerAnglesHint: {x: 0, y: 0, z: 0}
--- !u!1 &3500697002123265414
GameObject:
  m_ObjectHideFlags: 0
  m_CorrespondingSourceObject: {fileID: 0}
  m_PrefabInstance: {fileID: 0}
  m_PrefabAsset: {fileID: 0}
  serializedVersion: 6
  m_Component:
  - component: {fileID: 2542475771861309942}
  m_Layer: 0
  m_Name: mixamorig:RightHandPinky3
  m_TagString: Untagged
  m_Icon: {fileID: 0}
  m_NavMeshLayer: 0
  m_StaticEditorFlags: 0
  m_IsActive: 1
--- !u!4 &2542475771861309942
Transform:
  m_ObjectHideFlags: 0
  m_CorrespondingSourceObject: {fileID: 0}
  m_PrefabInstance: {fileID: 0}
  m_PrefabAsset: {fileID: 0}
  m_GameObject: {fileID: 3500697002123265414}
  m_LocalRotation: {x: -0.0000006404426, y: 0.00018240661, z: -0.0030958073, w: 0.99999523}
  m_LocalPosition: {x: 0.000032517793, y: 0.016704656, z: 7.567934e-11}
  m_LocalScale: {x: 1, y: 1, z: 1}
  m_Children:
  - {fileID: 6153813890535848014}
  m_Father: {fileID: 5465047344961374402}
  m_RootOrder: 0
  m_LocalEulerAnglesHint: {x: 34.77328, y: -1.2307968, z: -4.1244397}
--- !u!1 &3707321376824952215
GameObject:
  m_ObjectHideFlags: 0
  m_CorrespondingSourceObject: {fileID: 0}
  m_PrefabInstance: {fileID: 0}
  m_PrefabAsset: {fileID: 0}
  serializedVersion: 6
  m_Component:
  - component: {fileID: 8022906328637888067}
  m_Layer: 0
  m_Name: mixamorig:RightHandIndex4
  m_TagString: Untagged
  m_Icon: {fileID: 0}
  m_NavMeshLayer: 0
  m_StaticEditorFlags: 0
  m_IsActive: 1
--- !u!4 &8022906328637888067
Transform:
  m_ObjectHideFlags: 0
  m_CorrespondingSourceObject: {fileID: 0}
  m_PrefabInstance: {fileID: 0}
  m_PrefabAsset: {fileID: 0}
  m_GameObject: {fileID: 3707321376824952215}
  m_LocalRotation: {x: 0, y: -0, z: -0, w: 1}
  m_LocalPosition: {x: 0.000001385447, y: 0.02324583, z: -1.1591055e-10}
  m_LocalScale: {x: 1, y: 1, z: 1}
  m_Children: []
  m_Father: {fileID: 5181287911117536476}
  m_RootOrder: 0
  m_LocalEulerAnglesHint: {x: 0, y: 0, z: 0}
--- !u!1 &3714266402825590537
GameObject:
  m_ObjectHideFlags: 0
  m_CorrespondingSourceObject: {fileID: 0}
  m_PrefabInstance: {fileID: 0}
  m_PrefabAsset: {fileID: 0}
  serializedVersion: 6
  m_Component:
  - component: {fileID: 2964322339404554550}
  m_Layer: 0
  m_Name: mixamorig:RightToeBase
  m_TagString: Untagged
  m_Icon: {fileID: 0}
  m_NavMeshLayer: 0
  m_StaticEditorFlags: 0
  m_IsActive: 1
--- !u!4 &2964322339404554550
Transform:
  m_ObjectHideFlags: 0
  m_CorrespondingSourceObject: {fileID: 0}
  m_PrefabInstance: {fileID: 0}
  m_PrefabAsset: {fileID: 0}
  m_GameObject: {fileID: 3714266402825590537}
  m_LocalRotation: {x: 0.2605289, y: 0.035636622, z: -0.009623497, w: 0.9647601}
  m_LocalPosition: {x: 4.6279375e-10, y: 0.16409254, z: 8.21484e-10}
  m_LocalScale: {x: 1, y: 1, z: 1}
  m_Children:
  - {fileID: 7998031060390035860}
  m_Father: {fileID: 660885251062960610}
  m_RootOrder: 0
  m_LocalEulerAnglesHint: {x: 30.985369, y: -0.16232479, z: 2.0302901}
--- !u!1 &3798884379016039597
GameObject:
  m_ObjectHideFlags: 0
  m_CorrespondingSourceObject: {fileID: 0}
  m_PrefabInstance: {fileID: 0}
  m_PrefabAsset: {fileID: 0}
  serializedVersion: 6
  m_Component:
  - component: {fileID: 1041419311166504139}
  m_Layer: 0
  m_Name: mixamorig:RightHandRing3
  m_TagString: Untagged
  m_Icon: {fileID: 0}
  m_NavMeshLayer: 0
  m_StaticEditorFlags: 0
  m_IsActive: 1
--- !u!4 &1041419311166504139
Transform:
  m_ObjectHideFlags: 0
  m_CorrespondingSourceObject: {fileID: 0}
  m_PrefabInstance: {fileID: 0}
  m_PrefabAsset: {fileID: 0}
  m_GameObject: {fileID: 3798884379016039597}
  m_LocalRotation: {x: 0.000000070466946, y: 0.0000011916359, z: 0.00016914308, w: 1}
  m_LocalPosition: {x: -0.0000021451933, y: 0.026379494, z: 1.2364012e-11}
  m_LocalScale: {x: 1, y: 1, z: 1}
  m_Children:
  - {fileID: 2386028457595883820}
  m_Father: {fileID: 6240284618849916698}
  m_RootOrder: 0
  m_LocalEulerAnglesHint: {x: 36.91981, y: -1.340216, z: -4.0021167}
--- !u!1 &3926107327944412290
GameObject:
  m_ObjectHideFlags: 0
  m_CorrespondingSourceObject: {fileID: 0}
  m_PrefabInstance: {fileID: 0}
  m_PrefabAsset: {fileID: 0}
  serializedVersion: 6
  m_Component:
  - component: {fileID: 937838848266113792}
  m_Layer: 0
  m_Name: mixamorig:LeftHandIndex4
  m_TagString: Untagged
  m_Icon: {fileID: 0}
  m_NavMeshLayer: 0
  m_StaticEditorFlags: 0
  m_IsActive: 1
--- !u!4 &937838848266113792
Transform:
  m_ObjectHideFlags: 0
  m_CorrespondingSourceObject: {fileID: 0}
  m_PrefabInstance: {fileID: 0}
  m_PrefabAsset: {fileID: 0}
  m_GameObject: {fileID: 3926107327944412290}
  m_LocalRotation: {x: 0, y: -0, z: -0, w: 1}
  m_LocalPosition: {x: -0.000050744227, y: 0.024445383, z: 3.4345474e-10}
  m_LocalScale: {x: 1, y: 1, z: 1}
  m_Children: []
  m_Father: {fileID: 7441567874795956645}
  m_RootOrder: 0
  m_LocalEulerAnglesHint: {x: 0, y: 0, z: 0}
--- !u!1 &3944489554505990886
GameObject:
  m_ObjectHideFlags: 0
  m_CorrespondingSourceObject: {fileID: 0}
  m_PrefabInstance: {fileID: 0}
  m_PrefabAsset: {fileID: 0}
  serializedVersion: 6
  m_Component:
  - component: {fileID: 6572629267112094604}
  m_Layer: 0
  m_Name: mixamorig:Neck
  m_TagString: Untagged
  m_Icon: {fileID: 0}
  m_NavMeshLayer: 0
  m_StaticEditorFlags: 0
  m_IsActive: 1
--- !u!4 &6572629267112094604
Transform:
  m_ObjectHideFlags: 0
  m_CorrespondingSourceObject: {fileID: 0}
  m_PrefabInstance: {fileID: 0}
  m_PrefabAsset: {fileID: 0}
  m_GameObject: {fileID: 3944489554505990886}
  m_LocalRotation: {x: 0.062077437, y: 2.843592e-14, z: 2.295817e-13, w: 0.9980714}
  m_LocalPosition: {x: -0, y: 0.15930504, z: 0.000000010233524}
  m_LocalScale: {x: 1, y: 1, z: 1}
  m_Children:
  - {fileID: 5817794488021402358}
  m_Father: {fileID: 310243325509232625}
  m_RootOrder: 1
  m_LocalEulerAnglesHint: {x: 9.799714, y: 1.4526484, z: 1.0528756}
--- !u!1 &4005867295834628821
GameObject:
  m_ObjectHideFlags: 0
  m_CorrespondingSourceObject: {fileID: 0}
  m_PrefabInstance: {fileID: 0}
  m_PrefabAsset: {fileID: 0}
  serializedVersion: 6
  m_Component:
  - component: {fileID: 7461794583079782759}
  m_Layer: 0
  m_Name: mixamorig:LeftForeArm
  m_TagString: Untagged
  m_Icon: {fileID: 0}
  m_NavMeshLayer: 0
  m_StaticEditorFlags: 0
  m_IsActive: 1
--- !u!4 &7461794583079782759
Transform:
  m_ObjectHideFlags: 0
  m_CorrespondingSourceObject: {fileID: 0}
  m_PrefabInstance: {fileID: 0}
  m_PrefabAsset: {fileID: 0}
  m_GameObject: {fileID: 4005867295834628821}
  m_LocalRotation: {x: 0.000000039112663, y: 0.00085562974, z: 0.0000002323971, w: 0.99999964}
  m_LocalPosition: {x: 8.5379454e-10, y: 0.27768695, z: -4.0218934e-10}
  m_LocalScale: {x: 1, y: 1, z: 1}
  m_Children:
  - {fileID: 6586156145556529757}
  m_Father: {fileID: 5838765394430583974}
  m_RootOrder: 0
  m_LocalEulerAnglesHint: {x: -13.78155, y: -24.561554, z: -32.376297}
--- !u!1 &4056942566791043759
GameObject:
  m_ObjectHideFlags: 0
  m_CorrespondingSourceObject: {fileID: 0}
  m_PrefabInstance: {fileID: 0}
  m_PrefabAsset: {fileID: 0}
  serializedVersion: 6
  m_Component:
  - component: {fileID: 1084181238795676200}
  m_Layer: 0
  m_Name: mixamorig:LeftHandThumb3
  m_TagString: Untagged
  m_Icon: {fileID: 0}
  m_NavMeshLayer: 0
  m_StaticEditorFlags: 0
  m_IsActive: 1
--- !u!4 &1084181238795676200
Transform:
  m_ObjectHideFlags: 0
  m_CorrespondingSourceObject: {fileID: 0}
  m_PrefabInstance: {fileID: 0}
  m_PrefabAsset: {fileID: 0}
  m_GameObject: {fileID: 4056942566791043759}
  m_LocalRotation: {x: -0.0000007372801, y: -0.00024992338, z: 0.046634626, w: 0.998912}
  m_LocalPosition: {x: -0.0016090461, y: 0.03609819, z: 9.084331e-10}
  m_LocalScale: {x: 1, y: 1, z: 1}
  m_Children:
  - {fileID: 3009346408815200133}
  m_Father: {fileID: 2418119845579773508}
  m_RootOrder: 0
  m_LocalEulerAnglesHint: {x: -16.550505, y: -14.299925, z: 4.750741}
--- !u!1 &4293914386196034871
GameObject:
  m_ObjectHideFlags: 0
  m_CorrespondingSourceObject: {fileID: 0}
  m_PrefabInstance: {fileID: 0}
  m_PrefabAsset: {fileID: 0}
  serializedVersion: 6
  m_Component:
  - component: {fileID: 1915412551798621828}
  m_Layer: 0
  m_Name: mixamorig:RightHandThumb3
  m_TagString: Untagged
  m_Icon: {fileID: 0}
  m_NavMeshLayer: 0
  m_StaticEditorFlags: 0
  m_IsActive: 1
--- !u!4 &1915412551798621828
Transform:
  m_ObjectHideFlags: 0
  m_CorrespondingSourceObject: {fileID: 0}
  m_PrefabInstance: {fileID: 0}
  m_PrefabAsset: {fileID: 0}
  m_GameObject: {fileID: 4293914386196034871}
  m_LocalRotation: {x: -0.000110560744, y: -0.0028874127, z: 0.029406916, w: 0.9995634}
  m_LocalPosition: {x: 0.00031501893, y: 0.035555333, z: -8.070893e-10}
  m_LocalScale: {x: 1, y: 1, z: 1}
  m_Children:
  - {fileID: 151948297296598230}
  m_Father: {fileID: 8264360434308534019}
  m_RootOrder: 0
  m_LocalEulerAnglesHint: {x: -12.0890045, y: -11.462093, z: -0.4240132}
--- !u!1 &4306977319287446996
GameObject:
  m_ObjectHideFlags: 0
  m_CorrespondingSourceObject: {fileID: 0}
  m_PrefabInstance: {fileID: 0}
  m_PrefabAsset: {fileID: 0}
  serializedVersion: 6
  m_Component:
  - component: {fileID: 8347592356875119004}
  m_Layer: 0
  m_Name: mixamorig:LeftHandRing4
  m_TagString: Untagged
  m_Icon: {fileID: 0}
  m_NavMeshLayer: 0
  m_StaticEditorFlags: 0
  m_IsActive: 1
--- !u!4 &8347592356875119004
Transform:
  m_ObjectHideFlags: 0
  m_CorrespondingSourceObject: {fileID: 0}
  m_PrefabInstance: {fileID: 0}
  m_PrefabAsset: {fileID: 0}
  m_GameObject: {fileID: 4306977319287446996}
  m_LocalRotation: {x: 0, y: -0, z: -0, w: 1}
  m_LocalPosition: {x: -0.000012945002, y: 0.02374989, z: -9.82331e-11}
  m_LocalScale: {x: 1, y: 1, z: 1}
  m_Children: []
  m_Father: {fileID: 3475485712325042469}
  m_RootOrder: 0
  m_LocalEulerAnglesHint: {x: 0, y: 0, z: 0}
--- !u!1 &4395024268016092467
GameObject:
  m_ObjectHideFlags: 0
  m_CorrespondingSourceObject: {fileID: 0}
  m_PrefabInstance: {fileID: 0}
  m_PrefabAsset: {fileID: 0}
  serializedVersion: 6
  m_Component:
  - component: {fileID: 5181287911117536476}
  m_Layer: 0
  m_Name: mixamorig:RightHandIndex3
  m_TagString: Untagged
  m_Icon: {fileID: 0}
  m_NavMeshLayer: 0
  m_StaticEditorFlags: 0
  m_IsActive: 1
--- !u!4 &5181287911117536476
Transform:
  m_ObjectHideFlags: 0
  m_CorrespondingSourceObject: {fileID: 0}
  m_PrefabInstance: {fileID: 0}
  m_PrefabAsset: {fileID: 0}
  m_GameObject: {fileID: 4395024268016092467}
  m_LocalRotation: {x: 0.00000027783508, y: -0.0000014884331, z: -0.00008882584, w: 1}
  m_LocalPosition: {x: 0.000005818141, y: 0.027170694, z: -2.4624625e-10}
  m_LocalScale: {x: 1, y: 1, z: 1}
  m_Children:
  - {fileID: 8022906328637888067}
  m_Father: {fileID: 3653960170928410517}
  m_RootOrder: 0
  m_LocalEulerAnglesHint: {x: 36.277946, y: -1.3105476, z: -3.9840088}
--- !u!1 &4502315322874161219
GameObject:
  m_ObjectHideFlags: 0
  m_CorrespondingSourceObject: {fileID: 0}
  m_PrefabInstance: {fileID: 0}
  m_PrefabAsset: {fileID: 0}
  serializedVersion: 6
  m_Component:
  - component: {fileID: 1381784790807215218}
  m_Layer: 0
  m_Name: mixamorig:LeftHandIndex1
  m_TagString: Untagged
  m_Icon: {fileID: 0}
  m_NavMeshLayer: 0
  m_StaticEditorFlags: 0
  m_IsActive: 1
--- !u!4 &1381784790807215218
Transform:
  m_ObjectHideFlags: 0
  m_CorrespondingSourceObject: {fileID: 0}
  m_PrefabInstance: {fileID: 0}
  m_PrefabAsset: {fileID: 0}
  m_GameObject: {fileID: 4502315322874161219}
  m_LocalRotation: {x: -0.015975311, y: 0.0016950133, z: -0.03894194, w: 0.99911237}
  m_LocalPosition: {x: 0.028501444, y: 0.11968177, z: 0.0022499587}
  m_LocalScale: {x: 1, y: 1, z: 1}
  m_Children:
  - {fileID: 7727994594940541910}
  m_Father: {fileID: 6586156145556529757}
  m_RootOrder: 0
  m_LocalEulerAnglesHint: {x: 41.808853, y: 0.6388516, z: 1.7869245}
--- !u!1 &4556411356948938322
GameObject:
  m_ObjectHideFlags: 0
  m_CorrespondingSourceObject: {fileID: 0}
  m_PrefabInstance: {fileID: 0}
  m_PrefabAsset: {fileID: 0}
  serializedVersion: 6
  m_Component:
  - component: {fileID: 6586156145556529757}
  m_Layer: 0
  m_Name: mixamorig:LeftHand
  m_TagString: Untagged
  m_Icon: {fileID: 0}
  m_NavMeshLayer: 0
  m_StaticEditorFlags: 0
  m_IsActive: 1
--- !u!4 &6586156145556529757
Transform:
  m_ObjectHideFlags: 0
  m_CorrespondingSourceObject: {fileID: 0}
  m_PrefabInstance: {fileID: 0}
  m_PrefabAsset: {fileID: 0}
  m_GameObject: {fileID: 4556411356948938322}
  m_LocalRotation: {x: 0.013722008, y: -0.05819014, z: 0.0402432, w: 0.9973997}
  m_LocalPosition: {x: -2.5503452e-10, y: 0.16686387, z: -1.4562573e-10}
  m_LocalScale: {x: 1, y: 1, z: 1}
  m_Children:
  - {fileID: 1381784790807215218}
  - {fileID: 8343715545954812022}
  - {fileID: 4663808249310032411}
  - {fileID: 6531780409531230145}
  - {fileID: 5139995504067263432}
  m_Father: {fileID: 7461794583079782759}
  m_RootOrder: 0
  m_LocalEulerAnglesHint: {x: 18.303799, y: 1.6229014, z: 29.326344}
--- !u!1 &4674040864459237921
GameObject:
  m_ObjectHideFlags: 0
  m_CorrespondingSourceObject: {fileID: 0}
  m_PrefabInstance: {fileID: 0}
  m_PrefabAsset: {fileID: 0}
  serializedVersion: 6
  m_Component:
  - component: {fileID: 8018435134541449376}
  m_Layer: 0
  m_Name: mixamorig:LeftHandMiddle4
  m_TagString: Untagged
  m_Icon: {fileID: 0}
  m_NavMeshLayer: 0
  m_StaticEditorFlags: 0
  m_IsActive: 1
--- !u!4 &8018435134541449376
Transform:
  m_ObjectHideFlags: 0
  m_CorrespondingSourceObject: {fileID: 0}
  m_PrefabInstance: {fileID: 0}
  m_PrefabAsset: {fileID: 0}
  m_GameObject: {fileID: 4674040864459237921}
  m_LocalRotation: {x: 0, y: -0, z: -0, w: 1}
  m_LocalPosition: {x: -0.000062919826, y: 0.026052656, z: 4.9692233e-11}
  m_LocalScale: {x: 1, y: 1, z: 1}
  m_Children: []
  m_Father: {fileID: 3275292788013928835}
  m_RootOrder: 0
  m_LocalEulerAnglesHint: {x: 0, y: 0, z: 0}
--- !u!1 &4793515318325926614
GameObject:
  m_ObjectHideFlags: 0
  m_CorrespondingSourceObject: {fileID: 0}
  m_PrefabInstance: {fileID: 0}
  m_PrefabAsset: {fileID: 0}
  serializedVersion: 6
  m_Component:
  - component: {fileID: 5573210047827392836}
  m_Layer: 0
  m_Name: mixamorig:RightLeg
  m_TagString: Untagged
  m_Icon: {fileID: 0}
  m_NavMeshLayer: 0
  m_StaticEditorFlags: 0
  m_IsActive: 1
--- !u!4 &5573210047827392836
Transform:
  m_ObjectHideFlags: 0
  m_CorrespondingSourceObject: {fileID: 0}
  m_PrefabInstance: {fileID: 0}
  m_PrefabAsset: {fileID: 0}
  m_GameObject: {fileID: 4793515318325926614}
  m_LocalRotation: {x: -0.035421062, y: 0.00070616906, z: -0.022241976, w: 0.9991247}
  m_LocalPosition: {x: -1.7095313e-10, y: 0.4296103, z: -1.4759338e-10}
  m_LocalScale: {x: 1, y: 1, z: 1}
  m_Children:
  - {fileID: 660885251062960610}
  m_Father: {fileID: 8072038943057840094}
  m_RootOrder: 0
  m_LocalEulerAnglesHint: {x: -12.404228, y: 10.148351, z: 0.5765581}
--- !u!1 &5042766157181349058
GameObject:
  m_ObjectHideFlags: 0
  m_CorrespondingSourceObject: {fileID: 0}
  m_PrefabInstance: {fileID: 0}
  m_PrefabAsset: {fileID: 0}
  serializedVersion: 6
  m_Component:
  - component: {fileID: 3009346408815200133}
  m_Layer: 0
  m_Name: mixamorig:LeftHandThumb4
  m_TagString: Untagged
  m_Icon: {fileID: 0}
  m_NavMeshLayer: 0
  m_StaticEditorFlags: 0
  m_IsActive: 1
--- !u!4 &3009346408815200133
Transform:
  m_ObjectHideFlags: 0
  m_CorrespondingSourceObject: {fileID: 0}
  m_PrefabInstance: {fileID: 0}
  m_PrefabAsset: {fileID: 0}
  m_GameObject: {fileID: 5042766157181349058}
  m_LocalRotation: {x: 0, y: -0, z: -0, w: 1}
  m_LocalPosition: {x: 0.0013564695, y: 0.027787816, z: 3.762571e-10}
  m_LocalScale: {x: 1, y: 1, z: 1}
  m_Children: []
  m_Father: {fileID: 1084181238795676200}
  m_RootOrder: 0
  m_LocalEulerAnglesHint: {x: 0, y: 0, z: 0}
--- !u!1 &5065046671237514146
GameObject:
  m_ObjectHideFlags: 0
  m_CorrespondingSourceObject: {fileID: 0}
  m_PrefabInstance: {fileID: 0}
  m_PrefabAsset: {fileID: 0}
  serializedVersion: 6
  m_Component:
  - component: {fileID: 734950926742886327}
  m_Layer: 0
  m_Name: mixamorig:RightHandMiddle4
  m_TagString: Untagged
  m_Icon: {fileID: 0}
  m_NavMeshLayer: 0
  m_StaticEditorFlags: 0
  m_IsActive: 1
--- !u!4 &734950926742886327
Transform:
  m_ObjectHideFlags: 0
  m_CorrespondingSourceObject: {fileID: 0}
  m_PrefabInstance: {fileID: 0}
  m_PrefabAsset: {fileID: 0}
  m_GameObject: {fileID: 5065046671237514146}
  m_LocalRotation: {x: 0, y: -0, z: -0, w: 1}
  m_LocalPosition: {x: -0.000028248664, y: 0.027809927, z: -6.741174e-11}
  m_LocalScale: {x: 1, y: 1, z: 1}
  m_Children: []
  m_Father: {fileID: 3260383219541184132}
  m_RootOrder: 0
  m_LocalEulerAnglesHint: {x: 0, y: 0, z: 0}
--- !u!1 &5341000289016784136
GameObject:
  m_ObjectHideFlags: 0
  m_CorrespondingSourceObject: {fileID: 0}
  m_PrefabInstance: {fileID: 0}
  m_PrefabAsset: {fileID: 0}
  serializedVersion: 6
  m_Component:
  - component: {fileID: 8385931192227832672}
  m_Layer: 0
  m_Name: mixamorig:RightHandThumb1
  m_TagString: Untagged
  m_Icon: {fileID: 0}
  m_NavMeshLayer: 0
  m_StaticEditorFlags: 0
  m_IsActive: 1
--- !u!4 &8385931192227832672
Transform:
  m_ObjectHideFlags: 0
  m_CorrespondingSourceObject: {fileID: 0}
  m_PrefabInstance: {fileID: 0}
  m_PrefabAsset: {fileID: 0}
  m_GameObject: {fileID: 5341000289016784136}
  m_LocalRotation: {x: 0.21154802, y: 0.053859722, z: 0.25974426, w: 0.9406804}
  m_LocalPosition: {x: -0.026973795, y: 0.044451296, z: 0.015499309}
  m_LocalScale: {x: 1, y: 1, z: 1}
  m_Children:
  - {fileID: 8264360434308534019}
  m_Father: {fileID: 1796780135407306838}
  m_RootOrder: 4
  m_LocalEulerAnglesHint: {x: 20.451864, y: 14.929329, z: 26.237085}
--- !u!1 &5683896935312855068
GameObject:
  m_ObjectHideFlags: 0
  m_CorrespondingSourceObject: {fileID: 0}
  m_PrefabInstance: {fileID: 0}
  m_PrefabAsset: {fileID: 0}
  serializedVersion: 6
  m_Component:
  - component: {fileID: 6884996813766651316}
  m_Layer: 0
  m_Name: mixamorig:LeftHandMiddle2
  m_TagString: Untagged
  m_Icon: {fileID: 0}
  m_NavMeshLayer: 0
  m_StaticEditorFlags: 0
  m_IsActive: 1
--- !u!4 &6884996813766651316
Transform:
  m_ObjectHideFlags: 0
  m_CorrespondingSourceObject: {fileID: 0}
  m_PrefabInstance: {fileID: 0}
  m_PrefabAsset: {fileID: 0}
  m_GameObject: {fileID: 5683896935312855068}
  m_LocalRotation: {x: -0.0000001357487, y: -0.000007702717, z: 0.0002386869, w: 1}
  m_LocalPosition: {x: 0.000025313317, y: 0.032190494, z: -1.2849454e-11}
  m_LocalScale: {x: 1, y: 1, z: 1}
  m_Children:
  - {fileID: 3275292788013928835}
  m_Father: {fileID: 8343715545954812022}
  m_RootOrder: 0
  m_LocalEulerAnglesHint: {x: 33.69296, y: 1.2478932, z: 4.150838}
--- !u!1 &5733076024265230659
GameObject:
  m_ObjectHideFlags: 0
  m_CorrespondingSourceObject: {fileID: 0}
  m_PrefabInstance: {fileID: 0}
  m_PrefabAsset: {fileID: 0}
  serializedVersion: 6
  m_Component:
  - component: {fileID: 310243325509232625}
  m_Layer: 0
  m_Name: mixamorig:Spine2
  m_TagString: Untagged
  m_Icon: {fileID: 0}
  m_NavMeshLayer: 0
  m_StaticEditorFlags: 0
  m_IsActive: 1
--- !u!4 &310243325509232625
Transform:
  m_ObjectHideFlags: 0
  m_CorrespondingSourceObject: {fileID: 0}
  m_PrefabInstance: {fileID: 0}
  m_PrefabAsset: {fileID: 0}
  m_GameObject: {fileID: 5733076024265230659}
  m_LocalRotation: {x: -6.938894e-18, y: 1.2621775e-29, z: 1.735494e-29, w: 1}
  m_LocalPosition: {x: -0, y: 0.14160445, z: 1.6204187e-10}
  m_LocalScale: {x: 1, y: 1, z: 1}
  m_Children:
  - {fileID: 2363430613039200106}
  - {fileID: 6572629267112094604}
  - {fileID: 7162537704781417987}
  m_Father: {fileID: 1294064559365117850}
  m_RootOrder: 0
  m_LocalEulerAnglesHint: {x: 0.93419623, y: -0.5701564, z: 0.5098833}
--- !u!1 &5926314762796306793
GameObject:
  m_ObjectHideFlags: 0
  m_CorrespondingSourceObject: {fileID: 0}
  m_PrefabInstance: {fileID: 0}
  m_PrefabAsset: {fileID: 0}
  serializedVersion: 6
  m_Component:
  - component: {fileID: 6703171266869299241}
  m_Layer: 0
  m_Name: mixamorig:LeftHandPinky2
  m_TagString: Untagged
  m_Icon: {fileID: 0}
  m_NavMeshLayer: 0
  m_StaticEditorFlags: 0
  m_IsActive: 1
--- !u!4 &6703171266869299241
Transform:
  m_ObjectHideFlags: 0
  m_CorrespondingSourceObject: {fileID: 0}
  m_PrefabInstance: {fileID: 0}
  m_PrefabAsset: {fileID: 0}
  m_GameObject: {fileID: 5926314762796306793}
  m_LocalRotation: {x: -0.00000014401972, y: 0.00006195871, z: 0.00078541215, w: 0.9999997}
  m_LocalPosition: {x: -0.000074615265, y: 0.025749404, z: 3.047461e-10}
  m_LocalScale: {x: 1, y: 1, z: 1}
  m_Children:
  - {fileID: 1248133491683203794}
  m_Father: {fileID: 4663808249310032411}
  m_RootOrder: 0
  m_LocalEulerAnglesHint: {x: 30.517437, y: 1.1592913, z: 3.9780648}
--- !u!1 &5996633120342483453
GameObject:
  m_ObjectHideFlags: 0
  m_CorrespondingSourceObject: {fileID: 0}
  m_PrefabInstance: {fileID: 0}
  m_PrefabAsset: {fileID: 0}
  serializedVersion: 6
  m_Component:
  - component: {fileID: 1408585787843454182}
  - component: {fileID: 5075651129994538271}
  m_Layer: 0
  m_Name: Shoes
  m_TagString: Untagged
  m_Icon: {fileID: 0}
  m_NavMeshLayer: 0
  m_StaticEditorFlags: 0
  m_IsActive: 1
--- !u!4 &1408585787843454182
Transform:
  m_ObjectHideFlags: 0
  m_CorrespondingSourceObject: {fileID: 0}
  m_PrefabInstance: {fileID: 0}
  m_PrefabAsset: {fileID: 0}
  m_GameObject: {fileID: 5996633120342483453}
  m_LocalRotation: {x: 0, y: -0, z: -0, w: 1}
  m_LocalPosition: {x: -0, y: 0, z: 0}
  m_LocalScale: {x: 1, y: 1, z: 1}
  m_Children: []
  m_Father: {fileID: 491006383680442485}
  m_RootOrder: 5
  m_LocalEulerAnglesHint: {x: 0, y: 0, z: 0}
--- !u!137 &5075651129994538271
SkinnedMeshRenderer:
  m_ObjectHideFlags: 0
  m_CorrespondingSourceObject: {fileID: 0}
  m_PrefabInstance: {fileID: 0}
  m_PrefabAsset: {fileID: 0}
  m_GameObject: {fileID: 5996633120342483453}
  m_Enabled: 1
  m_CastShadows: 1
  m_ReceiveShadows: 1
  m_DynamicOccludee: 1
  m_MotionVectors: 1
  m_LightProbeUsage: 1
  m_ReflectionProbeUsage: 1
  m_RayTracingMode: 3
  m_RayTraceProcedural: 0
  m_RenderingLayerMask: 1
  m_RendererPriority: 0
  m_Materials:
  - {fileID: 2100000, guid: 5fbf56404baa44b4093dde2fede38227, type: 2}
  m_StaticBatchInfo:
    firstSubMesh: 0
    subMeshCount: 0
  m_StaticBatchRoot: {fileID: 0}
  m_ProbeAnchor: {fileID: 0}
  m_LightProbeVolumeOverride: {fileID: 0}
  m_ScaleInLightmap: 1
  m_ReceiveGI: 1
  m_PreserveUVs: 0
  m_IgnoreNormalsForChartDetection: 0
  m_ImportantGI: 0
  m_StitchLightmapSeams: 1
  m_SelectedEditorRenderState: 3
  m_MinimumChartSize: 4
  m_AutoUVMaxDistance: 0.5
  m_AutoUVMaxAngle: 89
  m_LightmapParameters: {fileID: 0}
  m_SortingLayerID: 0
  m_SortingLayer: 0
  m_SortingOrder: 0
  serializedVersion: 2
  m_Quality: 0
  m_UpdateWhenOffscreen: 0
  m_SkinnedMotionVectors: 1
  m_Mesh: {fileID: -278085929633702562, guid: ecaa8f11d0940fd4388838f5387b76ab, type: 3}
  m_Bones:
  - {fileID: 7089928380040417603}
  - {fileID: 2432594108990876079}
  - {fileID: 6401378625225525040}
  - {fileID: 5573210047827392836}
  - {fileID: 2964322339404554550}
  - {fileID: 660885251062960610}
  - {fileID: 8072038943057840094}
  - {fileID: 2512645893732272541}
  m_BlendShapeWeights: []
  m_RootBone: {fileID: 2512645893732272541}
  m_AABB:
    m_Center: {x: -0.09334442, y: 0.9277802, z: 0.015495658}
    m_Extent: {x: 0.18700126, y: 0.1588847, z: 0.18703963}
  m_DirtyAABB: 0
--- !u!1 &6084389523700744981
GameObject:
  m_ObjectHideFlags: 0
  m_CorrespondingSourceObject: {fileID: 0}
  m_PrefabInstance: {fileID: 0}
  m_PrefabAsset: {fileID: 0}
  serializedVersion: 6
  m_Component:
  - component: {fileID: 8072038943057840094}
  m_Layer: 0
  m_Name: mixamorig:RightUpLeg
  m_TagString: Untagged
  m_Icon: {fileID: 0}
  m_NavMeshLayer: 0
  m_StaticEditorFlags: 0
  m_IsActive: 1
--- !u!4 &8072038943057840094
Transform:
  m_ObjectHideFlags: 0
  m_CorrespondingSourceObject: {fileID: 0}
  m_PrefabInstance: {fileID: 0}
  m_PrefabAsset: {fileID: 0}
  m_GameObject: {fileID: 6084389523700744981}
  m_LocalRotation: {x: -0.0000847168, y: -0.001258753, z: 0.9999308, w: -0.011695388}
  m_LocalPosition: {x: 0.0798905, y: -0.058416825, z: 0.01090045}
  m_LocalScale: {x: 1, y: 1, z: 1}
  m_Children:
  - {fileID: 5573210047827392836}
  m_Father: {fileID: 5368349549137408225}
  m_RootOrder: 1
  m_LocalEulerAnglesHint: {x: -10.258685, y: 11.142985, z: -166.37274}
--- !u!1 &6323431098703664591
GameObject:
  m_ObjectHideFlags: 0
  m_CorrespondingSourceObject: {fileID: 0}
  m_PrefabInstance: {fileID: 0}
  m_PrefabAsset: {fileID: 0}
  serializedVersion: 6
  m_Component:
  - component: {fileID: 554637881533459924}
  m_Layer: 0
  m_Name: mixamorig:LeftHandPinky4
  m_TagString: Untagged
  m_Icon: {fileID: 0}
  m_NavMeshLayer: 0
  m_StaticEditorFlags: 0
  m_IsActive: 1
--- !u!4 &554637881533459924
Transform:
  m_ObjectHideFlags: 0
  m_CorrespondingSourceObject: {fileID: 0}
  m_PrefabInstance: {fileID: 0}
  m_PrefabAsset: {fileID: 0}
  m_GameObject: {fileID: 6323431098703664591}
  m_LocalRotation: {x: 0, y: -0, z: -0, w: 1}
  m_LocalPosition: {x: 0.00010314735, y: 0.018752221, z: -1.445069e-10}
  m_LocalScale: {x: 1, y: 1, z: 1}
  m_Children: []
  m_Father: {fileID: 1248133491683203794}
  m_RootOrder: 0
  m_LocalEulerAnglesHint: {x: 0, y: 0, z: 0}
--- !u!1 &6574623586035185106
GameObject:
  m_ObjectHideFlags: 0
  m_CorrespondingSourceObject: {fileID: 0}
  m_PrefabInstance: {fileID: 0}
  m_PrefabAsset: {fileID: 0}
  serializedVersion: 6
  m_Component:
  - component: {fileID: 4663808249310032411}
  m_Layer: 0
  m_Name: mixamorig:LeftHandPinky1
  m_TagString: Untagged
  m_Icon: {fileID: 0}
  m_NavMeshLayer: 0
  m_StaticEditorFlags: 0
  m_IsActive: 1
--- !u!4 &4663808249310032411
Transform:
  m_ObjectHideFlags: 0
  m_CorrespondingSourceObject: {fileID: 0}
  m_PrefabInstance: {fileID: 0}
  m_PrefabAsset: {fileID: 0}
  m_GameObject: {fileID: 6574623586035185106}
  m_LocalRotation: {x: -0.015890565, y: 0.0039796876, z: -0.040894583, w: 0.9990292}
  m_LocalPosition: {x: -0.02821805, y: 0.106806934, z: 0.0012284648}
  m_LocalScale: {x: 1, y: 1, z: 1}
  m_Children:
  - {fileID: 6703171266869299241}
  m_Father: {fileID: 6586156145556529757}
  m_RootOrder: 2
  m_LocalEulerAnglesHint: {x: 33.339542, y: 0.42731705, z: 14.370675}
--- !u!1 &6629826481801879390
GameObject:
  m_ObjectHideFlags: 0
  m_CorrespondingSourceObject: {fileID: 0}
  m_PrefabInstance: {fileID: 0}
  m_PrefabAsset: {fileID: 0}
  serializedVersion: 6
  m_Component:
  - component: {fileID: 1373196119320503276}
  - component: {fileID: 3140407481050894357}
  m_Layer: 0
  m_Name: Bottoms
  m_TagString: Untagged
  m_Icon: {fileID: 0}
  m_NavMeshLayer: 0
  m_StaticEditorFlags: 0
  m_IsActive: 1
--- !u!4 &1373196119320503276
Transform:
  m_ObjectHideFlags: 0
  m_CorrespondingSourceObject: {fileID: 0}
  m_PrefabInstance: {fileID: 0}
  m_PrefabAsset: {fileID: 0}
  m_GameObject: {fileID: 6629826481801879390}
  m_LocalRotation: {x: 0, y: -0, z: -0, w: 1}
  m_LocalPosition: {x: -0, y: 0, z: 0}
  m_LocalScale: {x: 1, y: 1, z: 1}
  m_Children: []
  m_Father: {fileID: 491006383680442485}
  m_RootOrder: 1
  m_LocalEulerAnglesHint: {x: 0, y: 0, z: 0}
--- !u!137 &3140407481050894357
SkinnedMeshRenderer:
  m_ObjectHideFlags: 0
  m_CorrespondingSourceObject: {fileID: 0}
  m_PrefabInstance: {fileID: 0}
  m_PrefabAsset: {fileID: 0}
  m_GameObject: {fileID: 6629826481801879390}
  m_Enabled: 1
  m_CastShadows: 1
  m_ReceiveShadows: 1
  m_DynamicOccludee: 1
  m_MotionVectors: 1
  m_LightProbeUsage: 1
  m_ReflectionProbeUsage: 1
  m_RayTracingMode: 3
  m_RayTraceProcedural: 0
  m_RenderingLayerMask: 1
  m_RendererPriority: 0
  m_Materials:
  - {fileID: 2100000, guid: 1ef108e1f355bac4c8a4a37bb384841d, type: 2}
  m_StaticBatchInfo:
    firstSubMesh: 0
    subMeshCount: 0
  m_StaticBatchRoot: {fileID: 0}
  m_ProbeAnchor: {fileID: 0}
  m_LightProbeVolumeOverride: {fileID: 0}
  m_ScaleInLightmap: 1
  m_ReceiveGI: 1
  m_PreserveUVs: 0
  m_IgnoreNormalsForChartDetection: 0
  m_ImportantGI: 0
  m_StitchLightmapSeams: 1
  m_SelectedEditorRenderState: 3
  m_MinimumChartSize: 4
  m_AutoUVMaxDistance: 0.5
  m_AutoUVMaxAngle: 89
  m_LightmapParameters: {fileID: 0}
  m_SortingLayerID: 0
  m_SortingLayer: 0
  m_SortingOrder: 0
  serializedVersion: 2
  m_Quality: 0
  m_UpdateWhenOffscreen: 0
  m_SkinnedMotionVectors: 1
  m_Mesh: {fileID: 6475887002624815441, guid: ecaa8f11d0940fd4388838f5387b76ab, type: 3}
  m_Bones:
  - {fileID: 5368349549137408225}
  - {fileID: 8072038943057840094}
  - {fileID: 2512645893732272541}
  - {fileID: 5573210047827392836}
  - {fileID: 5686019585774240626}
  - {fileID: 2964322339404554550}
  - {fileID: 660885251062960610}
  - {fileID: 7089928380040417603}
  - {fileID: 2432594108990876079}
  - {fileID: 6401378625225525040}
  m_BlendShapeWeights: []
  m_RootBone: {fileID: 5368349549137408225}
  m_AABB:
    m_Center: {x: -0.005550258, y: -0.47700474, z: -0.010597199}
    m_Extent: {x: 0.17964134, y: 0.554152, z: 0.19601789}
  m_DirtyAABB: 0
--- !u!1 &7082926481824396074
GameObject:
  m_ObjectHideFlags: 0
  m_CorrespondingSourceObject: {fileID: 0}
  m_PrefabInstance: {fileID: 0}
  m_PrefabAsset: {fileID: 0}
  serializedVersion: 6
  m_Component:
  - component: {fileID: 2432594108990876079}
  m_Layer: 0
  m_Name: mixamorig:LeftFoot
  m_TagString: Untagged
  m_Icon: {fileID: 0}
  m_NavMeshLayer: 0
  m_StaticEditorFlags: 0
  m_IsActive: 1
--- !u!4 &2432594108990876079
Transform:
  m_ObjectHideFlags: 0
  m_CorrespondingSourceObject: {fileID: 0}
  m_PrefabInstance: {fileID: 0}
  m_PrefabAsset: {fileID: 0}
  m_GameObject: {fileID: 7082926481824396074}
  m_LocalRotation: {x: 0.52289486, y: 0.06263632, z: -0.045962587, w: 0.84884936}
  m_LocalPosition: {x: 1.495243e-10, y: 0.44464824, z: 0.0000000020676834}
  m_LocalScale: {x: 1, y: 1, z: 1}
  m_Children:
  - {fileID: 6401378625225525040}
  m_Father: {fileID: 7089928380040417603}
  m_RootOrder: 0
  m_LocalEulerAnglesHint: {x: 62.725574, y: 36.72436, z: 31.423794}
--- !u!1 &7358186165356918010
GameObject:
  m_ObjectHideFlags: 0
  m_CorrespondingSourceObject: {fileID: 0}
  m_PrefabInstance: {fileID: 0}
  m_PrefabAsset: {fileID: 0}
  serializedVersion: 6
  m_Component:
  - component: {fileID: 5817794488021402358}
  m_Layer: 0
  m_Name: mixamorig:Head
  m_TagString: Untagged
  m_Icon: {fileID: 0}
  m_NavMeshLayer: 0
  m_StaticEditorFlags: 0
  m_IsActive: 1
--- !u!4 &5817794488021402358
Transform:
  m_ObjectHideFlags: 0
  m_CorrespondingSourceObject: {fileID: 0}
  m_PrefabInstance: {fileID: 0}
  m_PrefabAsset: {fileID: 0}
  m_GameObject: {fileID: 7358186165356918010}
  m_LocalRotation: {x: 0, y: 0, z: 1.2433839e-30, w: 1}
  m_LocalPosition: {x: -0, y: 0.0823204, z: 0.02986189}
  m_LocalScale: {x: 1, y: 1, z: 1}
  m_Children:
  - {fileID: 8783631595445077528}
  m_Father: {fileID: 6572629267112094604}
  m_RootOrder: 0
  m_LocalEulerAnglesHint: {x: 7.4407206, y: 6.826124, z: 22.085188}
--- !u!1 &7451921995419832894
GameObject:
  m_ObjectHideFlags: 0
  m_CorrespondingSourceObject: {fileID: 0}
  m_PrefabInstance: {fileID: 0}
  m_PrefabAsset: {fileID: 0}
  serializedVersion: 6
  m_Component:
  - component: {fileID: 2418119845579773508}
  m_Layer: 0
  m_Name: mixamorig:LeftHandThumb2
  m_TagString: Untagged
  m_Icon: {fileID: 0}
  m_NavMeshLayer: 0
  m_StaticEditorFlags: 0
  m_IsActive: 1
--- !u!4 &2418119845579773508
Transform:
  m_ObjectHideFlags: 0
  m_CorrespondingSourceObject: {fileID: 0}
  m_PrefabInstance: {fileID: 0}
  m_PrefabAsset: {fileID: 0}
  m_GameObject: {fileID: 7451921995419832894}
  m_LocalRotation: {x: 0.0000376367, y: -0.0019634198, z: -0.025248697, w: 0.99967927}
  m_LocalPosition: {x: 0.00025257227, y: 0.042448353, z: 2.660073e-11}
  m_LocalScale: {x: 1, y: 1, z: 1}
  m_Children:
  - {fileID: 1084181238795676200}
  m_Father: {fileID: 5139995504067263432}
  m_RootOrder: 0
  m_LocalEulerAnglesHint: {x: 7.306893, y: -13.487618, z: 12.247944}
--- !u!1 &7567970607545761759
GameObject:
  m_ObjectHideFlags: 0
  m_CorrespondingSourceObject: {fileID: 0}
  m_PrefabInstance: {fileID: 0}
  m_PrefabAsset: {fileID: 0}
  serializedVersion: 6
  m_Component:
  - component: {fileID: 4126221335248126694}
  m_Layer: 0
  m_Name: mixamorig:LeftToe_End
  m_TagString: Untagged
  m_Icon: {fileID: 0}
  m_NavMeshLayer: 0
  m_StaticEditorFlags: 0
  m_IsActive: 1
--- !u!4 &4126221335248126694
Transform:
  m_ObjectHideFlags: 0
  m_CorrespondingSourceObject: {fileID: 0}
  m_PrefabInstance: {fileID: 0}
  m_PrefabAsset: {fileID: 0}
  m_GameObject: {fileID: 7567970607545761759}
  m_LocalRotation: {x: 0, y: -0, z: -0, w: 1}
  m_LocalPosition: {x: -1.5769164e-11, y: 0.069881156, z: -6.5891147e-12}
  m_LocalScale: {x: 1, y: 1, z: 1}
  m_Children: []
  m_Father: {fileID: 6401378625225525040}
  m_RootOrder: 0
  m_LocalEulerAnglesHint: {x: 0, y: 0, z: 0}
--- !u!1 &7634112359155998839
GameObject:
  m_ObjectHideFlags: 0
  m_CorrespondingSourceObject: {fileID: 0}
  m_PrefabInstance: {fileID: 0}
  m_PrefabAsset: {fileID: 0}
  serializedVersion: 6
  m_Component:
  - component: {fileID: 6153813890535848014}
  m_Layer: 0
  m_Name: mixamorig:RightHandPinky4
  m_TagString: Untagged
  m_Icon: {fileID: 0}
  m_NavMeshLayer: 0
  m_StaticEditorFlags: 0
  m_IsActive: 1
--- !u!4 &6153813890535848014
Transform:
  m_ObjectHideFlags: 0
  m_CorrespondingSourceObject: {fileID: 0}
  m_PrefabInstance: {fileID: 0}
  m_PrefabAsset: {fileID: 0}
  m_GameObject: {fileID: 7634112359155998839}
  m_LocalRotation: {x: 0, y: -0, z: -0, w: 1}
  m_LocalPosition: {x: -0.00005814028, y: 0.013756486, z: -1.4249167e-10}
  m_LocalScale: {x: 1, y: 1, z: 1}
  m_Children: []
  m_Father: {fileID: 2542475771861309942}
  m_RootOrder: 0
  m_LocalEulerAnglesHint: {x: 0, y: 0, z: 0}
--- !u!1 &7644197616719544929
GameObject:
  m_ObjectHideFlags: 0
  m_CorrespondingSourceObject: {fileID: 0}
  m_PrefabInstance: {fileID: 0}
  m_PrefabAsset: {fileID: 0}
  serializedVersion: 6
  m_Component:
  - component: {fileID: 9211735305050820754}
  m_Layer: 0
  m_Name: mixamorig:RightHandRing1
  m_TagString: Untagged
  m_Icon: {fileID: 0}
  m_NavMeshLayer: 0
  m_StaticEditorFlags: 0
  m_IsActive: 1
--- !u!4 &9211735305050820754
Transform:
  m_ObjectHideFlags: 0
  m_CorrespondingSourceObject: {fileID: 0}
  m_PrefabInstance: {fileID: 0}
  m_PrefabAsset: {fileID: 0}
  m_GameObject: {fileID: 7644197616719544929}
  m_LocalRotation: {x: -0.017537318, y: -0.0007159234, z: 0.042798612, w: 0.99892956}
  m_LocalPosition: {x: 0.010958488, y: 0.12017038, z: -0.0014973646}
  m_LocalScale: {x: 1, y: 1, z: 1}
  m_Children:
  - {fileID: 6240284618849916698}
  m_Father: {fileID: 1796780135407306838}
  m_RootOrder: 3
  m_LocalEulerAnglesHint: {x: 41.40726, y: 0.09449333, z: -5.128141}
--- !u!1 &7687760516466045555
GameObject:
  m_ObjectHideFlags: 0
  m_CorrespondingSourceObject: {fileID: 0}
  m_PrefabInstance: {fileID: 0}
  m_PrefabAsset: {fileID: 0}
  serializedVersion: 6
  m_Component:
  - component: {fileID: 5139995504067263432}
  m_Layer: 0
  m_Name: mixamorig:LeftHandThumb1
  m_TagString: Untagged
  m_Icon: {fileID: 0}
  m_NavMeshLayer: 0
  m_StaticEditorFlags: 0
  m_IsActive: 1
--- !u!4 &5139995504067263432
Transform:
  m_ObjectHideFlags: 0
  m_CorrespondingSourceObject: {fileID: 0}
  m_PrefabInstance: {fileID: 0}
  m_PrefabAsset: {fileID: 0}
  m_GameObject: {fileID: 7687760516466045555}
  m_LocalRotation: {x: 0.21180879, y: -0.05057598, z: -0.27919832, w: 0.9352152}
  m_LocalPosition: {x: 0.025129208, y: 0.04432181, z: 0.014819288}
  m_LocalScale: {x: 1, y: 1, z: 1}
  m_Children:
  - {fileID: 2418119845579773508}
  m_Father: {fileID: 6586156145556529757}
  m_RootOrder: 4
  m_LocalEulerAnglesHint: {x: 16.459206, y: -22.852533, z: -31.602562}
--- !u!1 &7884761557212944404
GameObject:
  m_ObjectHideFlags: 0
  m_CorrespondingSourceObject: {fileID: 0}
  m_PrefabInstance: {fileID: 0}
  m_PrefabAsset: {fileID: 0}
  serializedVersion: 6
  m_Component:
  - component: {fileID: 3475485712325042469}
  m_Layer: 0
  m_Name: mixamorig:LeftHandRing3
  m_TagString: Untagged
  m_Icon: {fileID: 0}
  m_NavMeshLayer: 0
  m_StaticEditorFlags: 0
  m_IsActive: 1
--- !u!4 &3475485712325042469
Transform:
  m_ObjectHideFlags: 0
  m_CorrespondingSourceObject: {fileID: 0}
  m_PrefabInstance: {fileID: 0}
  m_PrefabAsset: {fileID: 0}
  m_GameObject: {fileID: 7884761557212944404}
  m_LocalRotation: {x: -0.00000006684475, y: 0.0000024586882, z: 0.0001234859, w: 1}
  m_LocalPosition: {x: -0.000021210433, y: 0.026442356, z: 1.6126961e-10}
  m_LocalScale: {x: 1, y: 1, z: 1}
  m_Children:
  - {fileID: 8347592356875119004}
  m_Father: {fileID: 1507965799021504941}
  m_RootOrder: 0
  m_LocalEulerAnglesHint: {x: 30.640987, y: 0.9837899, z: 3.546071}
--- !u!1 &7930677362896853693
GameObject:
  m_ObjectHideFlags: 0
  m_CorrespondingSourceObject: {fileID: 0}
  m_PrefabInstance: {fileID: 0}
  m_PrefabAsset: {fileID: 0}
  serializedVersion: 6
  m_Component:
  - component: {fileID: 7998031060390035860}
  m_Layer: 0
  m_Name: mixamorig:RightToe_End
  m_TagString: Untagged
  m_Icon: {fileID: 0}
  m_NavMeshLayer: 0
  m_StaticEditorFlags: 0
  m_IsActive: 1
--- !u!4 &7998031060390035860
Transform:
  m_ObjectHideFlags: 0
  m_CorrespondingSourceObject: {fileID: 0}
  m_PrefabInstance: {fileID: 0}
  m_PrefabAsset: {fileID: 0}
  m_GameObject: {fileID: 7930677362896853693}
  m_LocalRotation: {x: 0, y: -0, z: -0, w: 1}
  m_LocalPosition: {x: -3.0991723e-10, y: 0.07193543, z: -2.5083796e-11}
  m_LocalScale: {x: 1, y: 1, z: 1}
  m_Children: []
  m_Father: {fileID: 2964322339404554550}
  m_RootOrder: 0
  m_LocalEulerAnglesHint: {x: 0, y: 0, z: 0}
--- !u!1 &8015352576567452271
GameObject:
  m_ObjectHideFlags: 0
  m_CorrespondingSourceObject: {fileID: 0}
  m_PrefabInstance: {fileID: 0}
  m_PrefabAsset: {fileID: 0}
  serializedVersion: 6
  m_Component:
  - component: {fileID: 1248133491683203794}
  m_Layer: 0
  m_Name: mixamorig:LeftHandPinky3
  m_TagString: Untagged
  m_Icon: {fileID: 0}
  m_NavMeshLayer: 0
  m_StaticEditorFlags: 0
  m_IsActive: 1
--- !u!4 &1248133491683203794
Transform:
  m_ObjectHideFlags: 0
  m_CorrespondingSourceObject: {fileID: 0}
  m_PrefabInstance: {fileID: 0}
  m_PrefabAsset: {fileID: 0}
  m_GameObject: {fileID: 8015352576567452271}
  m_LocalRotation: {x: -0.0000008513406, y: -0.00026564082, z: 0.0034172754, w: 0.99999416}
  m_LocalPosition: {x: -0.000028532684, y: 0.021611854, z: -1.4446754e-12}
  m_LocalScale: {x: 1, y: 1, z: 1}
  m_Children:
  - {fileID: 554637881533459924}
  m_Father: {fileID: 6703171266869299241}
  m_RootOrder: 0
  m_LocalEulerAnglesHint: {x: 30.521244, y: 1.063862, z: 4.2472386}
--- !u!1 &8076780388660015638
GameObject:
  m_ObjectHideFlags: 0
  m_CorrespondingSourceObject: {fileID: 0}
  m_PrefabInstance: {fileID: 0}
  m_PrefabAsset: {fileID: 0}
  serializedVersion: 6
  m_Component:
  - component: {fileID: 1053934151808704813}
  - component: {fileID: 8621575390685480255}
  m_Layer: 0
  m_Name: default
  m_TagString: Untagged
  m_Icon: {fileID: 0}
  m_NavMeshLayer: 0
  m_StaticEditorFlags: 0
  m_IsActive: 1
--- !u!4 &1053934151808704813
Transform:
  m_ObjectHideFlags: 0
  m_CorrespondingSourceObject: {fileID: 0}
  m_PrefabInstance: {fileID: 0}
  m_PrefabAsset: {fileID: 0}
  m_GameObject: {fileID: 8076780388660015638}
  m_LocalRotation: {x: 0, y: -0, z: -0, w: 1}
  m_LocalPosition: {x: -0, y: 0, z: 0}
  m_LocalScale: {x: 1, y: 1, z: 1}
  m_Children: []
  m_Father: {fileID: 491006383680442485}
  m_RootOrder: 2
  m_LocalEulerAnglesHint: {x: 0, y: 0, z: 0}
--- !u!137 &8621575390685480255
SkinnedMeshRenderer:
  m_ObjectHideFlags: 0
  m_CorrespondingSourceObject: {fileID: 0}
  m_PrefabInstance: {fileID: 0}
  m_PrefabAsset: {fileID: 0}
  m_GameObject: {fileID: 8076780388660015638}
  m_Enabled: 1
  m_CastShadows: 1
  m_ReceiveShadows: 1
  m_DynamicOccludee: 1
  m_MotionVectors: 1
  m_LightProbeUsage: 1
  m_ReflectionProbeUsage: 1
  m_RayTracingMode: 3
  m_RayTraceProcedural: 0
  m_RenderingLayerMask: 1
  m_RendererPriority: 0
  m_Materials:
  - {fileID: 2100000, guid: 82ee401dd10dc024e8970dc66894d56a, type: 2}
  m_StaticBatchInfo:
    firstSubMesh: 0
    subMeshCount: 0
  m_StaticBatchRoot: {fileID: 0}
  m_ProbeAnchor: {fileID: 0}
  m_LightProbeVolumeOverride: {fileID: 0}
  m_ScaleInLightmap: 1
  m_ReceiveGI: 1
  m_PreserveUVs: 0
  m_IgnoreNormalsForChartDetection: 0
  m_ImportantGI: 0
  m_StitchLightmapSeams: 1
  m_SelectedEditorRenderState: 3
  m_MinimumChartSize: 4
  m_AutoUVMaxDistance: 0.5
  m_AutoUVMaxAngle: 89
  m_LightmapParameters: {fileID: 0}
  m_SortingLayerID: 0
  m_SortingLayer: 0
  m_SortingOrder: 0
  serializedVersion: 2
  m_Quality: 0
  m_UpdateWhenOffscreen: 0
  m_SkinnedMotionVectors: 1
  m_Mesh: {fileID: -2432090755550338912, guid: ecaa8f11d0940fd4388838f5387b76ab, type: 3}
  m_Bones:
  - {fileID: 5817794488021402358}
  m_BlendShapeWeights: []
  m_RootBone: {fileID: 5817794488021402358}
  m_AABB:
    m_Center: {x: -0.004055962, y: 0.10374087, z: 0.088543385}
    m_Extent: {x: 0.046567306, y: 0.01901251, z: 0.017916434}
  m_DirtyAABB: 0
--- !u!1 &8415229423889792781
GameObject:
  m_ObjectHideFlags: 0
  m_CorrespondingSourceObject: {fileID: 0}
  m_PrefabInstance: {fileID: 0}
  m_PrefabAsset: {fileID: 0}
  serializedVersion: 6
  m_Component:
  - component: {fileID: 660885251062960610}
  m_Layer: 0
  m_Name: mixamorig:RightFoot
  m_TagString: Untagged
  m_Icon: {fileID: 0}
  m_NavMeshLayer: 0
  m_StaticEditorFlags: 0
  m_IsActive: 1
--- !u!4 &660885251062960610
Transform:
  m_ObjectHideFlags: 0
  m_CorrespondingSourceObject: {fileID: 0}
  m_PrefabInstance: {fileID: 0}
  m_PrefabAsset: {fileID: 0}
  m_GameObject: {fileID: 8415229423889792781}
  m_LocalRotation: {x: 0.5284159, y: -0.06238637, z: 0.04568346, w: 0.845457}
  m_LocalPosition: {x: -5.449003e-11, y: 0.44478092, z: -4.518316e-10}
  m_LocalScale: {x: 1, y: 1, z: 1}
  m_Children:
  - {fileID: 2964322339404554550}
  m_Father: {fileID: 5573210047827392836}
  m_RootOrder: 0
  m_LocalEulerAnglesHint: {x: 60.260704, y: -32.83537, z: -27.47175}
--- !u!1 &8721551345424685745
GameObject:
  m_ObjectHideFlags: 0
  m_CorrespondingSourceObject: {fileID: 0}
  m_PrefabInstance: {fileID: 0}
  m_PrefabAsset: {fileID: 0}
  serializedVersion: 6
  m_Component:
  - component: {fileID: 7727994594940541910}
  m_Layer: 0
  m_Name: mixamorig:LeftHandIndex2
  m_TagString: Untagged
  m_Icon: {fileID: 0}
  m_NavMeshLayer: 0
  m_StaticEditorFlags: 0
  m_IsActive: 1
--- !u!4 &7727994594940541910
Transform:
  m_ObjectHideFlags: 0
  m_CorrespondingSourceObject: {fileID: 0}
  m_PrefabInstance: {fileID: 0}
  m_PrefabAsset: {fileID: 0}
  m_GameObject: {fileID: 8721551345424685745}
  m_LocalRotation: {x: 0.00000012310483, y: -0.000009716546, z: -0.0000360907, w: 1}
  m_LocalPosition: {x: 0.000027073305, y: 0.029254531, z: -4.5653505e-11}
  m_LocalScale: {x: 1, y: 1, z: 1}
  m_Children:
  - {fileID: 7441567874795956645}
  m_Father: {fileID: 1381784790807215218}
  m_RootOrder: 0
  m_LocalEulerAnglesHint: {x: 31.596924, y: 1.058033, z: 3.844596}
--- !u!1 &8839953415164905569
GameObject:
  m_ObjectHideFlags: 0
  m_CorrespondingSourceObject: {fileID: 0}
  m_PrefabInstance: {fileID: 0}
  m_PrefabAsset: {fileID: 0}
  serializedVersion: 6
  m_Component:
  - component: {fileID: 2506675543981015606}
  m_Layer: 0
  m_Name: mixamorig:RightForeArm
  m_TagString: Untagged
  m_Icon: {fileID: 0}
  m_NavMeshLayer: 0
  m_StaticEditorFlags: 0
  m_IsActive: 1
--- !u!4 &2506675543981015606
Transform:
  m_ObjectHideFlags: 0
  m_CorrespondingSourceObject: {fileID: 0}
  m_PrefabInstance: {fileID: 0}
  m_PrefabAsset: {fileID: 0}
  m_GameObject: {fileID: 8839953415164905569}
  m_LocalRotation: {x: -0.00000019441326, y: -0.0017336716, z: 0.00000019048191, w: 0.9999985}
  m_LocalPosition: {x: 4.5781386e-11, y: 0.2764959, z: -9.36825e-11}
  m_LocalScale: {x: 1, y: 1, z: 1}
  m_Children:
  - {fileID: 1796780135407306838}
  m_Father: {fileID: 5917558414559701147}
  m_RootOrder: 0
  m_LocalEulerAnglesHint: {x: 2.9461708, y: -17.457302, z: 59.115704}
--- !u!1 &8864674617424167453
GameObject:
  m_ObjectHideFlags: 0
  m_CorrespondingSourceObject: {fileID: 0}
  m_PrefabInstance: {fileID: 0}
  m_PrefabAsset: {fileID: 0}
  serializedVersion: 6
  m_Component:
  - component: {fileID: 5838765394430583974}
  m_Layer: 0
  m_Name: mixamorig:LeftArm
  m_TagString: Untagged
  m_Icon: {fileID: 0}
  m_NavMeshLayer: 0
  m_StaticEditorFlags: 0
  m_IsActive: 1
--- !u!4 &5838765394430583974
Transform:
  m_ObjectHideFlags: 0
  m_CorrespondingSourceObject: {fileID: 0}
  m_PrefabInstance: {fileID: 0}
  m_PrefabAsset: {fileID: 0}
  m_GameObject: {fileID: 8864674617424167453}
  m_LocalRotation: {x: -0.15189852, y: -0.008744688, z: -0.0373224, w: 0.9876525}
  m_LocalPosition: {x: -3.1889322e-10, y: 0.1468245, z: 7.2622525e-10}
  m_LocalScale: {x: 1, y: 1, z: 1}
  m_Children:
  - {fileID: 7461794583079782759}
  m_Father: {fileID: 2363430613039200106}
  m_RootOrder: 0
  m_LocalEulerAnglesHint: {x: 45.578274, y: 7.164098, z: 3.6949682}
--- !u!1 &8950529862151617952
GameObject:
  m_ObjectHideFlags: 0
  m_CorrespondingSourceObject: {fileID: 0}
  m_PrefabInstance: {fileID: 0}
  m_PrefabAsset: {fileID: 0}
  serializedVersion: 6
  m_Component:
  - component: {fileID: 8343715545954812022}
  m_Layer: 0
  m_Name: mixamorig:LeftHandMiddle1
  m_TagString: Untagged
  m_Icon: {fileID: 0}
  m_NavMeshLayer: 0
  m_StaticEditorFlags: 0
  m_IsActive: 1
--- !u!4 &8343715545954812022
Transform:
  m_ObjectHideFlags: 0
  m_CorrespondingSourceObject: {fileID: 0}
  m_PrefabInstance: {fileID: 0}
  m_PrefabAsset: {fileID: 0}
  m_GameObject: {fileID: 8950529862151617952}
  m_LocalRotation: {x: -0.015999584, y: 0.001086188, z: -0.03900478, w: 0.99911034}
  m_LocalPosition: {x: 0.009533275, y: 0.12072323, z: -0.0038835632}
  m_LocalScale: {x: 1, y: 1, z: 1}
  m_Children:
  - {fileID: 6884996813766651316}
  m_Father: {fileID: 6586156145556529757}
  m_RootOrder: 1
  m_LocalEulerAnglesHint: {x: 36.81754, y: 0.3754204, z: 1.6666675}
--- !u!1 &8966983122217556889
GameObject:
  m_ObjectHideFlags: 0
  m_CorrespondingSourceObject: {fileID: 0}
  m_PrefabInstance: {fileID: 0}
  m_PrefabAsset: {fileID: 0}
  serializedVersion: 6
  m_Component:
  - component: {fileID: 1294064559365117850}
  m_Layer: 0
  m_Name: mixamorig:Spine1
  m_TagString: Untagged
  m_Icon: {fileID: 0}
  m_NavMeshLayer: 0
  m_StaticEditorFlags: 0
  m_IsActive: 1
--- !u!4 &1294064559365117850
Transform:
  m_ObjectHideFlags: 0
  m_CorrespondingSourceObject: {fileID: 0}
  m_PrefabInstance: {fileID: 0}
  m_PrefabAsset: {fileID: 0}
  m_GameObject: {fileID: 8966983122217556889}
  m_LocalRotation: {x: -6.938894e-18, y: -1.26829e-13, z: 6.7158095e-13, w: 1}
  m_LocalPosition: {x: -0, y: 0.12390386, z: -2.938867e-10}
  m_LocalScale: {x: 1, y: 1, z: 1}
  m_Children:
  - {fileID: 310243325509232625}
  m_Father: {fileID: 5686019585774240626}
  m_RootOrder: 0
  m_LocalEulerAnglesHint: {x: 0.9435163, y: -0.5329592, z: 0.5067491}
--- !u!1 &9014016284572297498
GameObject:
  m_ObjectHideFlags: 0
  m_CorrespondingSourceObject: {fileID: 0}
  m_PrefabInstance: {fileID: 0}
  m_PrefabAsset: {fileID: 0}
  serializedVersion: 6
  m_Component:
  - component: {fileID: 8264360434308534019}
  m_Layer: 0
  m_Name: mixamorig:RightHandThumb2
  m_TagString: Untagged
  m_Icon: {fileID: 0}
  m_NavMeshLayer: 0
  m_StaticEditorFlags: 0
  m_IsActive: 1
--- !u!4 &8264360434308534019
Transform:
  m_ObjectHideFlags: 0
  m_CorrespondingSourceObject: {fileID: 0}
  m_PrefabInstance: {fileID: 0}
  m_PrefabAsset: {fileID: 0}
  m_GameObject: {fileID: 9014016284572297498}
  m_LocalRotation: {x: 0.00003667619, y: -0.0017770916, z: 0.029236633, w: 0.99957097}
  m_LocalPosition: {x: -0.0021533137, y: 0.043351572, z: -5.479958e-10}
  m_LocalScale: {x: 1, y: 1, z: 1}
  m_Children:
  - {fileID: 1915412551798621828}
  m_Father: {fileID: 8385931192227832672}
  m_RootOrder: 0
  m_LocalEulerAnglesHint: {x: -1.076068, y: 13.369775, z: -17.875357}
--- !u!1 &9199396336730715170
GameObject:
  m_ObjectHideFlags: 0
  m_CorrespondingSourceObject: {fileID: 0}
  m_PrefabInstance: {fileID: 0}
  m_PrefabAsset: {fileID: 0}
  serializedVersion: 6
  m_Component:
  - component: {fileID: 3728404946921628789}
  m_Layer: 0
  m_Name: mixamorig:RightHandMiddle1
  m_TagString: Untagged
  m_Icon: {fileID: 0}
  m_NavMeshLayer: 0
  m_StaticEditorFlags: 0
  m_IsActive: 1
--- !u!4 &3728404946921628789
Transform:
  m_ObjectHideFlags: 0
  m_CorrespondingSourceObject: {fileID: 0}
  m_PrefabInstance: {fileID: 0}
  m_PrefabAsset: {fileID: 0}
  m_GameObject: {fileID: 9199396336730715170}
  m_LocalRotation: {x: -0.017544607, y: -0.0005423911, z: 0.04297708, w: 0.9989219}
  m_LocalPosition: {x: -0.010197707, y: 0.11858496, z: -0.0041803294}
  m_LocalScale: {x: 1, y: 1, z: 1}
  m_Children:
  - {fileID: 6438722952791287954}
  m_Father: {fileID: 1796780135407306838}
  m_RootOrder: 1
  m_LocalEulerAnglesHint: {x: 43.319305, y: 0.20019795, z: -0.9960398}
